2817 4725
394 268 417 339 8
715 263 1029 339 utullus

396 444 626 523 praesecet,
657 434 751 503 nullo
779 432 857 503 loeo
885 430 1088 516 excluditur,
1116 454 1285 524 nunquam
1305 437 1356 504 ln·

399 521 615 604 tempestivo,
656 536 822 603 uunquam
853 518 995 585 moleste
1026 530 1101 599 est,
1142 520 1254 607 ituque
1286 542 1355 587 non

400 622 509 689 own,
529 621 597 667 non
617 600 708 685 leue,
720 602 746 673 ¹)
765 609 802 665 ut
822 602 925 681 cimrt,
945 600 1030 669 loeis
1050 600 1201 689 pluribus
1220 605 1356 684 utimur,

399 705 496 835 quum
517 684 667 749 euictos.
719 684 836 770 Neque
864 703 929 769 ego
956 702 1046 750 nunc
1072 686 1116 750 de
1144 683 1275 773 vulgari
1297 698 1356 753 eut

424 788 443 835 e
463 767 632 846 mediocri,
653 784 739 852 quae
759 777 870 831 temen
890 768 1011 850 ipsuet
1031 766 1176 835 delectet
1196 780 1230 835 et
1250 772 1355 855 prod·

401 860 466 929 est,
486 850 547 915 sed
571 850 614 913 de
636 868 720 914 veru
739 859 774 913 et
787 848 937 933 perlecta
950 850 1082 935 loquor,
1102 850 1209 937 qualis
1223 871 1355 931 eorum,

400 936 455 1019 qui
475 932 573 1017 penei
594 933 814 1010 nominentur,
834 929 905 995 luit.
945 934 1031 999 Nom
1053 944 1087 998 et
1106 936 1275 1001 socundus
1296 956 1355 1001 res

401 1013 648 1099 splendidiores
674 1012 756 1079 fecit
781 1014 924 1079 amicitie
948 1026 983 1081 et
1014 1017 1178 1084 adversus
1205 1020 1355 1103 partiens

400 1098 710 1181 communicansque
729 1094 886 1163 leviores.

248 1182 319 1262 l'll,
338 1179 381 1247 23
409 1202 411 1207 ·
485 1180 633 1265 cumque
658 1176 820 1262 plurimes
852 1189 888 1243 et
914 1180 1074 1247 maximum
1100 1180 1354 1250 commodiores

401 1263 543 1329 amicitia
555 1262 734 1340 contineat,
754 1269 821 1325 tum
839 1258 1059 1329 illu-nimirum
1080 1275 1232 1349 praestet»
1247 1267 1353 1331 omni·

401 1349 482 1421 bus,
511 1343 599 1428 quod
621 1345 711 1407 bone
730 1342 828 1425 snei)
848 1342 1018 1425 praelucet
1040 1348 1075 1411 in
1098 1358 1268 1432 posterum
1289 1368 1354 1415 nee

403 1426 566 1493 debilitari
587 1426 716 1489 unimus
736 1433 794 1489 uut
813 1425 936 1494 cudere
956 1429 1087 1511 potitur.
1120 1430 1245 1495 Verum
1266 1433 1353 1495 enim

403 1511 543 1575 amicum
564 1509 618 1592 qul
643 1508 805 1584 intuetur,
833 1518 989 1593 tanquam
1020 1511 1193 1597 exemplar
1219 1512 1355 1599 aliquod

403 1593 547 1659 intuetur
566 1590 633 1654 sui:
656 1589 813 1673 quoclree
834 1599 868 1654 et
887 1594 1046 1659 absentes
1065 1596 1186 1659 odsnnt
1207 1606 1241 1659 et
1253 1616 1355 1679 egen·

364 1692 370 1703 ·
405 1686 457 1739 tes
477 1672 648 1738 ubundunt
669 1684 702 1736 et
723 1672 877 1737 imbecilli
892 1673 1005 1740 rulent
1018 1687 1064 1756 et,
1084 1679 1173 1823 quod
1187 1676 1355 1744 difficilius

403 1758 492 1822 dictu
515 1764 578 1833 est,
598 1754 718 1819 mortui
738 1758 868 1820 vivunt:
889 1765 1001 1822 tentus
1016 1778 1076 1823 eos
1113 1778 1210 1839 onos,
1230 1781 1355 1826 memo·

403 1841 471 1918 riu,
492 1838 690 1903 desiderium
712 1837 923 1922 prosequitur
942 1842 1137 1919 amicorum3
1166 1862 1208 1907 ex
1252 1864 1297 1909 uo
1318 1843 1355 1909 il·
1398 1859 1399 1868 ¹

403 1921 512 1987 lorum
533 1922 631 1985 beuta
651 1939 744 1985 mors
763 1920 911 2000 ridetur,
942 1921 1059 1988 borum
1080 1926 1149 1989 vito
1167 1863 1355 1992 laudabilis.
1398 1937 1399 2010 l

405 2004 503 2077 Quod
525 2002 553 2067 si
576 2003 738 2069 exemeris
765 2022 808 2066 ex
834 2022 944 2068 rerum
965 2016 1083 2071 nutura
1102 2007 1357 2073 benevolentiae
1398 2023 1399 2086 t

405 2087 679 2163 coniunctionem,
697 2082 764 2149 nco
783 2084 902 2150 domus
923 2086 992 2152 ullu
1011 2108 1075 2155 nec
1094 2093 1176 2155 urbs
1190 2102 1282 2155 sture
1295 2112 1356 2175 po·

406 2170 494 2247 terit,
514 2186 558 2231 ne
578 2168 651 2250 egri
672 2166 802 2251 quidem
824 2166 932 2233 cultus
952 2175 1168 2254 permanebit.
1202 2174 1239 2237 ld
1254 2176 1283 2238 si
1297 2176 1355 2238 mi·
1398 2223 1399 2274 q

406 2270 469 2317 nus
490 2248 693 2333 intelligitur,
713 2259 836 2334 quante
848 2252 903 2315 ris
915 2255 1077 2318 amicitiae
1092 2257 1357 2343 concordiaeque
1398 2283 1399 2306 r

405 2334 466 2414 sit,
500 2350 542 2398 ex
573 2332 836 2398 dissensionibus
863 2343 962 2420 etque
988 2337 1164 2404 discordiis
1190 2342 1317 2424 percipi
1328 2341 1356 2419 Β)

405 2423 527 2500 potest.
569 2417 663 2488 eroc
684 2416 770 2478 enim
792 2416 910 2481 domus
932 2426 998 2483 tum
1020 2421 1160 2500 stabilis,
1205 2441 1265 2486 uue
1287 2435 1356 2489 turn

406 2500 500 2564 lirma
521 2498 639 2563 civitas
660 2507 724 2575 est,
769 2517 832 2562 oue
849 2519 917 2564 non
930 2503 1017 2567 odiis
1032 2513 1065 2568 et
1079 2506 1225 2570 discidiis
1234 2506 1261 2582 ⁴)
1282 2504 1356 2568 iun-

330 2575 333 2583 ’
407 2583 493 2646 ditus
515 2583 621 2665 possit
642 2518 769 2644 eventii
802 2599 845 2644 ex
874 2602 940 2667 quo
968 2597 1124 2670 quantum
1150 2589 1229 2651 boni
1257 2589 1357 2652 sitin

342 2667 384 2731 bl
406 2667 548 2728 amicitie
581 2663 718 2727 iudicari
753 2673 873 2746 potest.
941 2665 1193 2751 Agrigentinum
1223 2671 1357 2756 quidem

407 2749 538 2810 doctum
560 2747 723 2829 quendum
744 2747 849 2810 virum
871 2751 1070 2814 carminibus
1084 2753 1222 2815 Graecis
1241 2755 1357 2816 retici·

407 2840 518 2892 rmtorn
532 2825 654 2905 lerunt,
675 2845 763 2909 qnue
783 2829 814 2889 ln
829 2847 937 2894 rerum
954 2843 1071 2896 netum
1084 2843 1220 2917 totoque
1232 2837 1357 2898 mundo

407 2918 599 2972 reonstureut
634 2927 785 2990 quaeque
820 2927 1048 2994 moverentur,
1084 2933 1124 2980 eo
1159 2917 1358 2981 contrahere

406 2991 593 3065 omicidium,
615 2988 779 3072 dissipare
800 2991 1008 3059 discordium.
1057 2999 1167 3084 Atque
1194 2997 1260 3064 boe
1287 3003 1358 3084 qui·

407 3075 481 3137 dem
504 3091 621 3136 omnes
642 3069 801 3136 mortulos
831 3084 864 3137 et
885 3077 1072 3161 intelligunt
1092 3096 1126 3145 et
1146 3101 1184 3145 re
1205 3083 1358 3164 probunt.

406 3157 519 3256 ltaque
540 3157 569 3216 si
590 3155 723 3238 quondo
743 3153 876 3300 aliquod
899 3156 1042 3226 officium
1063 3164 1188 3228 exstitit
1208 3166 1302 3229 unrici
1325 3166 1359 3228 in

406 3234 563 3322 perieulis
591 3247 648 3299 unt
674 3238 795 3300 odeum
809 3241 837 3302 is
868 3252 925 3303 eut
953 3248 1251 3323 communicandis,
1284 3250 1358 3332 quis

407 3329 471 3397 est,
491 3319 545 3402 qul
567 3319 600 3383 ld
621 3337 688 3382 non
709 3321 862 3384 maximis
881 3321 998 3390 eil'erot
1016 3327 1191 3393 leudibus?
1211 3331 1274 3402 (lul
1289 3331 1358 3392 elu-

407 3421 519 3468 mores
541 3411 612 3465 tote
633 3421 738 3466 coreo
760 3423 803 3466 nu
827 3423 865 3468 er
891 3408 924 3472 ln
946 3407 1086 3492 hospitis
1116 3421 1149 3475 et
1176 3413 1273 3476 amici
1294 3413 1360 3475 mel

407 3485 453 3550 lt.
468 3485 601 3548 l’ucuvii
617 3501 707 3548 nova
721 3425 854 3551 faheid!
868 3509 943 3553 eum
957 3493 1130 3573 ignorante
1144 3511 1236 3579 rege,
1247 3506 1323 3558 uter
1331 3495 1360 3570 ⁵)

408 3576 500 3632 esset
521 3569 678 3644 (lresteS,
708 3565 853 3653 Pylades
882 3573 1035 3637 Orestem
1064 3593 1142 3640 esse
1163 3594 1202 3640 se
1222 3577 1362 3654 diceret,

406 3660 444 3713 ut
464 3669 525 3730 nto
548 3648 605 3714 illo
628 3661 821 3728 necaretur3
842 3653 982 3719 Orestes
1003 3667 1131 3735 cutem,
1151 3661 1198 3722 ito
1217 3669 1361 3738 uteret,

408 3731 562 3795 Orestem
588 3749 628 3798 se
655 3751 733 3796 esse
765 3750 1009 3816 perseveraret.
1058 3743 1194 3806 stantes
1245 3741 1361 3807 leude·

407 3815 489 3878 bent
508 3815 541 3877 ln
562 3833 600 3878 re
621 3811 717 3890 fletu3
738 3816 814 3898 quid
837 3820 1035 3886 arbitramur
1054 3823 1086 3886 ln
1107 3843 1190 3887 vero
1246 3835 1362 3889 eturos

406 3893 534 3961 suissed
576 3894 686 3960 Facile
714 3897 881 3964 indicebat
910 3903 984 3985 ipse
1014 3916 1134 3970 nutura
1159 3907 1225 3970 vim
1252 3926 1362 3983 suem,

407 3999 481 4042 eum
498 3976 648 4042 homiues
661 3981 750 4061 quod
764 3979 878 4046 iecere
893 3985 954 4068 ipsi
968 4005 1034 4052 non
1049 4001 1199 4071 possent,
1220 3990 1255 4053 id
1269 4003 1363 4055 recte

408 4058 480 4125 fleri
500 4061 534 4124 ln
550 4059 662 4124 ultcro
683 4061 874 4130 iudicarent.

408 4164 609 4180 uu-

479 4203 507 4268 l)
526 4204 590 4274 iqui
604 4203 698 4258 Modr.
716 4233 752 4246 -
768 4208 800 4276 2)
818 4207 928 4266 borram
943 4229 1028 4282 spem
1046 4215 1124 4290 prob.
1143 4217 1236 4278 Klotz,
1254 4232 1281 4285 p.
1301 4215 1363 4272 lid.

408 4267 754 4393 ntt.tttt'ttttt¹·²
773 4303 805 4315 -
831 4279 860 4342 ⁴1
879 4277 1007 4336 terr
1031 4281 1124 4338 uo
1146 4283 1242 4341 no.
1269 4311 1304 4324 -
1333 4287 1363 4353 n
