2817 4725
386 222 430 295 lt
703 224 1027 295 euentus

390 393 508 481 possit,
526 396 570 461 'ut
588 396 657 460 non'
677 394 830 480 anquirat
857 392 1009 480 aliquem,
1035 395 1126 479 epod
1145 412 1245 481 quom
1264 416 1345 465 evo.

390 488 458 544 mat
486 479 577 543 virus
606 479 796 543 acerbitatis
824 496 918 543 suae.
966 479 1075 563 Atque
1106 478 1172 545 hoe
1199 485 1345 549 maxima

389 562 599 639 iudicaretur,
625 562 655 627 sl
675 562 752 647 qnid
772 561 841 625 tele
860 571 977 645 posset
997 564 1201 647 contingere,
1228 574 1266 628 ιιι
1284 565 1343 631 ali·

389 649 463 733 quie
482 664 546 711 nos
567 648 652 710 deus
673 664 717 711 ex
737 644 802 710 hec
815 644 984 709 hominum
1001 644 1189 727 frequentia
1209 646 1343 714 tolleret

388 731 477 794 etin
498 727 676 795 solitudine
688 732 817 812 uspiam
829 726 1012 793 collocaret
1031 739 1139 811 atque·
1152 731 1196 795 ibi
1218 748 1341 815 suppe-

389 814 499 877 ditans
513 813 654 877 omnium
668 830 789 889 rerum,
810 830 893 897 quas
906 819 1024 875 tuturo
1037 812 1218 889 desiderat,
1237 816 1341 880 noun·

390 894 535 961 dentiam
557 904 591 959 ct
611 897 740 979 copiam
760 892 901 959 hominis
916 896 1049 958 omnino
1061 894 1266 977 adspiciendi
1281 918 1341 981 po·

389 988 544 1045 testatem
574 978 728 1060 eriperet.
776 978 861 1051 Quis
887 986 955 1040 tam
985 987 1076 1041 esset
1101 976 1251 1058 ferreus,
1284 984 1341 1065 qui

388 1082 462 1127 eam
483 1063 583 1126 vitem
604 1058 695 1125 serra
713 1068 841 1143 posset,
861 1061 979 1206 cusiqque
997 1080 1066 1125 non
1086 1058 1232 1126 auferret
1252 1059 1341 1129 inre·

325 1142 369 1212 88
387 1154 456 1211 tum
484 1142 691 1229 voluptatum
717 1144 861 1206 omnium
942 1144 1052 1207 ltado‘l
1105 1144 1228 1209 Veram
1255 1164 1341 1228 ergo

387 1228 468 1293 illud
496 1238 567 1306 cst,
594 1226 684 1309 quod
714 1226 937 1291 a'l'orentino
958 1225 1118 1312 Archyta,
1144 1237 1180 1290 ut
1206 1230 1338 1310 opinor,

387 1312 453 1377 dici
478 1308 610 1374 solitum
642 1316 776 1372 nostros
805 1326 906 1371 senes
934 1324 1195 1375 commemorare
1225 1311 1339 1375 audiri

385 1396 430 1459 ab
451 1391 525 1457 eliis
545 1391 680 1456 senibus
701 1390 866 1455 auditum:
886 1392 917 1454 si
938 1392 1012 1475 quie
1031 1395 1066 1457 ln
1078 1391 1206 1458 eaelum
1220 1412 1339 1458 ascen·

384 1478 493 1541 disset
521 1486 736 1559 naturamque
755 1474 868 1537 muudi
894 1472 1224 1557 etpelclrritudinem
1249 1479 1339 1541 side·
1393 1497 1394 1502 ¹

382 1572 458 1625 rum
479 1558 720 1641 perspexisset,
739 1558 911 1623 insuavem
932 1557 1023 1621 illem
1035 1556 1286 1625 admirationem
1308 1563 1340 1626 ei
1393 1615 1394 1628 ι

385 1642 471 1719 fore,
501 1660 577 1705 ,uec
595 1641 831 1705 iucundissime
844 1638 972 1719 inisset,
993 1643 1023 1704 sl
1036 1641 1177 1727 aliquem
1190 1646 1245 1707 cui
1258 1663 1336 1708 nar·
1393 1675 1394 1710 ι

385 1735 475 1789 reret
541 1724 674 1790 buissel.
715 1724 774 1789 Sic
799 1734 919 1787 notura
937 1724 1120 1789 solitarium
1141 1724 1226 1789 nihil
1247 1736 1339 1792 amat

384 1826 583 1894 semperque
610 1808 654 1871 ad
675 1805 810 1889 aliquod
836 1816 991 1893 tanquam
1018 1808 1249 1873 adminiculum
1278 1829 1338 1874 au·
1393 1831 1394 1836 ¹

381 1893 506 1972 nititur,
542 1890 631 1976 quod
658 1890 693 1955 iu
720 1890 918 1955 amicissimo
953 1908 1083 1977 qaoque
1109 1890 1340 1959 dulcissimum

383 1986 446 2039 est·

238 2053 357 2125 XXlV.
462 2056 531 2123 Sed
559 2076 634 2123 cum
662 2063 713 2120 tot
746 2055 851 2141 signis
881 2054 997 2121 eadem
1026 2066 1146 2121 nutura
1173 2057 1339 2138 dederet,
1393 2053 1394 2066 ¹

383 2140 462 2225 quid
482 2138 575 2218 velit,
594 2138 771 2222 anquirat,
785 2138 964 2219 desideret,
992 2150 1102 2205 tomen
1123 2142 1337 2208 obsurdesci-

381 2244 456 2287 mus
476 2224 591 2288 noscio
612 2240 677 2307 quo
699 2222 811 2299 modo,
831 2242 895 2287 nec
915 2242 967 2300 en,
988 2242 1074 2306 quse
1094 2226 1138 2287 alt
1159 2242 1201 2287 eu
1221 2244 1337 2291 mone
1393 2227 1394 2230 ’

379 2326 464 2384 mur,
485 2306 644 2371 audimus.
679 2302 742 2368 Est
762 2306 847 2369 enim
867 2307 981 2370 verius
1007 2318 1042 2370 et
1060 2303 1232 2391 multiplex
1250 2326 1337 2374 usus

380 2391 543 2456 emicitlee
568 2386 755 2474 multaeque
774 2406 916 2453 eeussae
936 2391 1166 2474 suspicionum·
1179 2390 1336 2458 offensio

378 2493 523 2560 numque
544 2472 674 2572 dantur,
693 2489 778 2557 quas
798 2482 870 2572 turn
880 2473 1006 2536 evitate
1027 2484 1093 2536 turn
1109 2471 1245 2538 elevare
1263 2485 1335 2554 tum

380 2555 471 2622 ferre
491 2558 652 2640 sepientis
672 2567 736 2619 est.
772 2554 846 2618 Una
859 2553 919 2618 olle
932 2553 1169 2634 sublevando¹l
1190 2556 1335 2624 offensio

381 2649 445 2719 est,
470 2649 507 2704 ιιι
535 2649 570 2704 et
595 2637 719 2740 utilitus
747 2638 780 2737 in
800 2639 951 2740 οιιιιιίοἰιίι
970 2651 1005 2702 et
1026 2637 1110 2703 fides
1130 2642 1333 2743 retinentur:

378 2721 1334 2887 {tuttiltltlltlmtldsf’til'*‘malduit

316 2881 359 2946 89
375 2887 669 3034 fsflffljffigiffig
681 2885 790 3033 ιἱιξιυιίἱίιι
812 2904 926 2951 reram
947 2897 1011 2966 est,
1037 2887 1127 3013 qqod
1147 2890 1179 2953 in
1201 2889 1334 2954 Andria

522 3093 691 3168 obsequium
708 3099 830 3165 amicos,
847 3100 957 3154 certitu
973 3096 1074 3153 odium
1088 3103 1183 3170 parit.

375 3212 521 3280 Molesta
541 3216 677 3293 veritos,
704 3216 886 3300 siquidem
907 3236 950 3283 ex
971 3236 1013 3281 ce
1039 3219 1187 3283 nascitur
1204 3217 1332 3294 odiunt,

375 3299 464 3382 quod
486 3309 539 3364 est
557 3316 721 3364 venenum
741 3299 914 3377 amicitiae,
930 3302 995 3365 sed
1010 3302 1202 3386 obsequium
1223 3299 1331 3366 multo

373 3380 564 3459 molestius,
600 3382 689 3468 quod
726 3384 874 3466 peccetis
905 3383 1084 3468 indulgens
1111 3383 1331 3467 praecipitem
1393 3436 1394 3443 ,

373 3466 514 3532 amicum
541 3462 621 3530 ierri
649 3464 742 3540 sinitt
773 3466 917 3530 maxima
938 3479 1051 3530 autem
1080 3466 1181 3550 eulpa
1207 3468 1241 3530 in
1270 3486 1330 3542 eo,

373 3549 428 3632 qul
449 3559 484 3612 et
496 3549 668 3614 veritatem
688 3559 887 3630 aspernetur
900 3559 934 3612 et
951 3553 986 3614 in
999 3548 1149 3614 fraudem
1163 3549 1329 3632 obsequio

372 3629 559 3714 impellitur.
593 3630 728 3710 Omui2)
753 3633 852 3714 igitur
871 3629 937 3697 ltec
950 3634 984 3697 ln
1005 3651 1044 3694 re
1063 3630 1326 3698 habundantio

371 3723 406 3778 ct
435 3713 604 3798 diligentia
632 3725 685 3778 est
712 3717 870 3797 prunum,
904 3723 941 3778 ut
966 3715 1101 3778 monitio
1129 3714 1328 3792 acerbitate,

369 3797 503 3875 deinde,
527 3807 564 3860 ut
584 3797 770 3882 obiurgatio
789 3795 989 3861 contumelia
1007 3805 1140 3872 cereat3
1168 3798 1202 3859 in
1223 3795 1328 3860 obse·

369 3880 444 3963 quio
475 3889 603 3958 eutem,
631 3879 785 3964 quoniam
805 3879 1005 3944 Terentiano
1033 3882 1140 3944 verbo
1167 3878 1327 3942 lubenter

366 3963 498 4040 utimur,
508 3963 658 4038 ¹comites
671 3963 770 4039 adsit,
783 3963 977 4039 assentotio,
998 3963 1150 4028 vitiorum
1164 3962 1325 4038 adiutrix,

364 4043 483 4188 quocul
503 4055 708 4121 amoveatur,
729 4062 815 4131 quae
834 4063 902 4108 non
923 4045 1023 4109 modo
1044 4045 1165 4124 antico,
1191 4043 1256 4110 sed
1276 4062 1326 4110 ne

379 4127 471 4190 ibero
494 4129 624 4212 quidem
632 4129 739 4220 ¹'digno
760 4137 831 4194 est:
852 4125 949 4194 aliter
963 4131 1049 4194 enitu
1068 4148 1147 4196 curu
1167 4137 1325 4215 tyranno,

751 4277 757 4284 ι

429 4301 461 4372 1)
477 4301 625 4360 euocanda
643 4303 740 4363 Ιιόι.
757 4331 792 4348 ·-
807 4303 958 4374 'lotam-
967 4304 1061 4382 Klete,
