2817 4725
384 240 425 314 18
547 314 550 321 ,
621 262 629 275 ·
700 237 1140 312 Lanatus,

385 428 426 479 ee
446 406 603 493 quiaque,
632 406 682 475 rto
712 405 747 477 ia
775 404 926 478 anteum.
942 405 987 477 sit
1013 404 1187 490 triantes.
1210 404 1341 480 ,Quam

386 492 488 559 muita
510 494 614 569 enirn,
642 509 727 578 quae
748 488 852 560 anem
881 508 1003 556 caussa
1023 510 1192 574 nunquam.
1210 486 1340 556 iacere-

386 596 478 655 mus,
507 572 646 641 sacimas
675 594 797 641 caussa
825 572 1025 639 amicornm!
1059 574 1190 658 precati
1210 573 1259 657 ¹ab
1290 574 1340 637 io-

387 660 499 745 digoo‚
519 655 721 741 supplicare,
748 669 816 721 tum
838 653 990 721 acerbius
1010 656 1042 721 iu
1064 647 1205 741 aliquem
1226 654 1341 720 invehi

384 743 604 823 insectarique
632 738 880 821 uehementius,
908 758 993 822 quae
1010 740 1055 803 tn
1083 740 1340 827 ausqisrebua

385 846 451 891 aon
474 828 555 889 satis
569 822 722 903 honeste,
741 823 775 887 in
796 823 973 905 amicarum
989 820 1069 890 fiunt
1082 818 1338 899 baaestissime3

386 907 572 993 multaeque
593 916 763 985 resanat,
792 904 965 990 inquibus
993 906 1036 969 de
1061 908 1131 971 suis
1152 906 1338 972 commodis

385 991 447 1057 viri
470 992 546 1055 boni
568 986 670 1058 nauita
691 986 867 1055 detrabunt
888 986 1080 1074 detrahique
1101 984 1282 1073 patiunturj
1301 1000 1338 1062 ut

322 1073 365 1143 58
385 1075 426 1139 iis
446 1074 541 1139 amici
570 1071 681 1156 patius
709 1090 806 1155 quam
836 1071 898 1153 ipsi
920 1068 1095 1145 fruantur„
1120 1069 1237 1140 arma
1255 1091 1336 1152 sen·

384 1159 485 1221 tentia
507 1165 574 1234 est,
603 1172 688 1239 qaae
717 1150 831 1219 definit
856 1154 1032 1237 amicitiam
1059 1155 1194 1253 maribus
1215 1150 1337 1221 osiiciia

383 1258 424 1305 ac
446 1236 678 1305 voluntatibus.
719 1236 793 1303 Hac
813 1236 943 1321 quidem
972 1248 1023 1305 est
1043 1238 1139 1303 motis
1161 1238 1278 1321 exigue
1300 1248 1335 1302 et

384 1321 514 1389 exiliter
533 1321 578 1387 ad
606 1317 755 1386 calculos
775 1339 898 1384 roeare
925 1320 1118 1396 amicitiam,
1144 1332 1180 1385 ιιι
1194 1340 1267 1403 qma
1288 1321 1334 1383 sit

384 1407 469 1473 ratio
498 1413 710 1487 acceptorum
740 1412 773 1468 et
809 1402 971 1478 datorum.
1029 1398 1169 1468 Diuitior
1196 1400 1272 1469 mibi
1300 1412 1336 1467 et

384 1486 572 1553 assiaaotior
593 1487 724 1553 videtur
749 1504 826 1551 esse
848 1504 929 1551 vera
956 1486 1098 1553 amicitia
1126 1506 1189 1552 uec
1217 1487 1334 1551 aimer-

384 1590 466 1637 vara
491 1570 660 1646 restricte,
695 1588 739 1633 ae
768 1566 844 1651 plus
872 1567 992 1633 reddat
1049 1586 1122 1634 aaut
1152 1567 1335 1652 acceperit.

382 1653 412 1717 N
456 1672 498 1717 ua
519 1653 604 1717 enim
618 1652 798 1717 verendam
821 1661 883 1728 est,
904 1671 947 1717 ue
968 1588 1046 1737 quid
1061 1651 1190 1735 excidat
1211 1662 1269 1715 ant
1290 1670 1335 1715 ae

382 1739 448 1823 quit
481 1738 655 1799 interram
678 1734 804 1812 deiiuat
829 1745 884 1797 out
906 1754 947 1817 oe
967 1733 1044 1820 plus
1064 1754 1106 1799 ae
1129 1756 1170 1803 tto
1198 1732 1277 1820 quid
1299 1735 1334 1799 ἰιι

318 1819 555 1888 terminatam
577 1828 786 1903 congeratur.
828 1816 961 1883 Tettin's
990 1838 1069 1881 reru
1091 1757 1148 1884 issa
1176 1813 1252 1903 finis
1273 1819 1335 1881 de·

381 1904 551 1980 terrimus,
577 1912 613 1965 ut
639 1902 752 1986 quanti
782 1900 921 1984 quisque
948 1920 987 1967 se
1008 1902 1081 1985 ipse
1102 1898 1220 1975 iaciat,
1249 1902 1334 1973 tami

381 1984 440 2049 fiat
459 1987 502 2049 ab
522 1985 645 2051 amieis.
682 1984 793 2067 Saepe
815 1984 901 2050 enim
921 1982 954 2047 in
992 1982 1163 2049 uibusdam
1184 1995 1240 2049 aut
1261 1986 1332 2049 nni·

380 2089 453 2133 orus
474 2068 633 2133 abiectior
654 2075 706 2131 est
726 2076 784 2131 aut
803 2086 884 2150 apes
899 2006 1151 2152 atttp‘fifieaudae
1172 2062 1331 2131 fortunae

380 2148 525 2216 fractior.
565 2150 639 2215 Nea
662 2160 714 2212 est
735 2150 832 2232 igitar
852 2152 947 2215 amici
968 2144 1068 2215 telem
1090 2152 1219 2221 esseio
1243 2168 1334 2229 catti,

380 2232 486 2318 qualis
511 2231 568 2297 iile
590 2234 622 2297 in
644 2252 683 2299 se
704 2243 775 2307 est,
805 2234 865 2297 sed
889 2234 1000 2315 patius
1021 2234 1096 2303 etaiti
1127 2243 1160 2296 et
1181 2230 1332 2315 efficere,
1398 2271 1399 2290 t

379 2328 415 2380 ut
443 2316 537 2382 antici
567 2316 727 2382 iacentem
756 2317 898 2383 unimam
929 2318 1049 2382 excitet
1079 2314 1275 2400 inducatque
1297 2316 1333 2381 io
1398 2299 1399 2348 ¹

378 2419 473 2484 spem
494 2400 791 2484 cogitationemque
810 2392 988 2464 meliorem.
1024 2397 1120 2466 Alius
1135 2401 1232 2484 igitur
1251 2399 1331 2464 finita

378 2503 483 2548 verae
509 2484 671 2549 amicitiae
698 2483 948 2548 constituendus
978 2493 1047 2563 est,
1075 2485 1104 2550 si
1134 2484 1225 2565 priua
1250 2483 1333 2568 quid
1397 2486 1398 2509 ³

377 2567 519 2632 maxime
547 2587 584 2630 re
610 2563 794 2631 rebendere
821 2565 933 2648 Scipio
961 2565 1079 2630 solitus
1107 2567 1152 2631 sit
1181 2567 1330 2630 edixere.

377 2649 530 2733 Negabat
562 2588 664 2714 unam
690 2668 808 2714 vorem
842 2649 1052 2714 inimiciorem
1081 2647 1242 2714 amicitiae
1269 2669 1331 2732 po·

376 2735 480 2798 tuisse
500 2734 657 2816 reperiri,
685 2751 783 2816 quam
806 2731 886 2807 eius,
914 2731 967 2814 qui
990 2731 1128 2805 dixisset
1148 2733 1194 2795 ita
1212 2751 1331 2797 amare

365 2825 545 2896 ‚aporiata
574 2825 609 2880 ut
634 2817 662 2880 si
683 2814 860 2902 aliquando
882 2825 973 2882 esset
994 2835 1131 2889 osurust
1159 2836 1221 2892 nee
1240 2833 1327 2878 vero

377 2915 416 2958 se
443 2897 561 2962 atiduei
591 2917 711 2979 passe,
740 2908 775 2960 ut
804 2895 894 2974 bac,
930 2897 1204 2982 quemadmodum
1231 2907 1331 2979 putu·

375 2989 478 3058 retur,
500 2999 521 3044 a
540 2979 656 3046 Biante
679 2999 756 3044 esse
777 2979 898 3044 dietant
920 2979 1083 3060 erederet,
1111 2983 1164 3065 qni
1186 2983 1327 3064 sapiens

376 3057 508 3126 babitus
529 3073 620 3129 esset
641 3083 726 3128 nous
747 3082 766 3127 e
787 3075 934 3146 septem:
956 3065 1072 3148 impuri
1087 3063 1255 3128 cuiusdam
1270 3073 1330 3128 aut

364 3147 540 3222 ¹ambitiosi
567 3157 624 3210 aut
644 3147 754 3213 omnia
774 3145 819 3208 ad
840 3165 933 3210 snam
966 3145 1144 3228 potentiam
1167 3164 1330 3212 reuocan-

375 3227 418 3291 tis
439 3247 516 3292 esse
536 3229 742 3294 sententiam.
775 3226 925 3301 Quonam
940 3231 1025 3292 enim
1041 3230 1138 3294 utoda
1154 3229 1328 3327 quisquam

374 3311 500 3376 amiens
521 3329 598 3380 esse
619 3315 740 3396 poterit
759 3313 849 3389 eius,
876 3313 929 3379 cui
949 3332 988 3375 se
1014 3311 1141 3396 putabit
1162 3313 1329 3379 mimicum

374 3411 452 3458 esse
473 3395 598 3478 posset
647 3395 735 3467 Quin
762 3395 859 3460 etiam
889 3415 1030 3460 necasse
1057 3397 1118 3460 erit
1140 3415 1262 3478 cupere
1291 3406 1328 3460 et

374 3488 511 3622 mttere,
539 3488 574 3541 ut
602 3497 698 3562 qoam
727 3479 924 3560 saepissime
952 3491 1071 3560 peccet
1089 3478 1228 3553 anticus,
1257 3498 1328 3562 quo

356 3579 487 3642 ‚nares
522 3561 578 3624 det
606 3563 668 3626 sibi
697 3571 853 3646 tanquam
878 3579 980 3626 ausas
1005 3561 1050 3626 ati
1077 3558 1327 3643 reprebenden-

372 3643 469 3720 tiunm
506 3663 635 3708 rursum
668 3656 778 3710 autem
813 3653 905 3708 reete
940 3638 1038 3708 saetis
1074 3644 1327 3726 eattmtadisqne

355 3726 550 3792 -amiearum
586 3745 726 3792 neeesse
764 3727 826 3793 erit
859 3726 957 3811 angi,
992 3723 1128 3806 dolere,
1163 3727 1328 3792 invidere.

306 3809 350 3876 60
370 3808 483 3883 Quare
505 3807 569 3872 boc
597 3810 727 3893 quidem
749 3822 974 3894 praeceptum,
1008 3813 1230 3894 cuiuscunque
1258 3821 1326 3887 est,

368 3891 413 3956 ant
442 3889 622 3958 tollendam
651 3893 824 3974 amicitiam
846 3890 955 3968 valet3
983 3889 1064 3958 illud
1094 3895 1204 3976 potius
1225 3911 1325 3975 prae·

368 3975 555 4056 cipiendam
576 3973 646 4054 i'uit,
667 3986 703 4039 ut
723 3995 797 4042 eam
811 3973 1013 4059 diligentiam
1033 3973 1268 4042 adhiberemus
1290 3978 1326 4039 in

353 4058 518 4132 ¹amicitiis
540 4057 788 4141 comparandis,
809 4070 912 4134 utne
940 4057 1073 4144 quando
1095 4077 1214 4129 atttare
1234 4059 1323 4134 inei·
1388 4124 1389 4129 ,

368 4157 521 4222 percarus
543 4160 628 4219 eum,
656 4161 754 4225 quem
783 4140 959 4224 aliqnando
990 4140 1103 4206 odisse
1133 4159 1322 4222 possemus.

366 4221 453 4294 Quin
474 4223 571 4288 etiam
592 4225 622 4286 si
643 4225 750 4293 mium
771 4222 888 4294 felices
908 4226 944 4290 ia
965 4222 1141 4322 deligenda
1156 4225 1162 4260 ¹
1166 4233 1179 4306 t
1201 4221 1324 4291 suisse-

365 4305 564 4326 *a
1387 4280 1388 4317 1

435 4333 461 4399 ι)
479 4331 623 4403 damonae
641 4333 734 4391 aton.
