2817 4725
204 268 269 337 DE
292 266 544 337 AbllCl'l'lA·
586 266 683 339 CAP.
706 269 746 336 V.
768 269 823 336 vt
975 268 997 334 7

60 460 120 504 oum
139 436 188 503 bis
209 437 296 502 enirn
317 434 492 503 amicitiem
513 446 631 501 nutura
655 435 733 526 lpse
759 436 904 521 peperit3
932 436 996 503 setl

60 541 91 585 ee
108 542 170 585 non
189 520 272 591 setis
293 516 395 583 hebet
415 516 588 583 firmitatis.
635 520 786 603 Numque
812 518 879 586 hoo
898 540 995 602 prue-

59 614 112 667 stet
130 604 268 669 amicitia
287 600 543 685 propinquitati,
569 602 657 685 quod
688 620 731 666 ex
751 602 995 687 propinquitate

60 684 274 751 benevolentia
293 682 365 749 tolli
385 693 516 765 potest,
543 702 586 749 ex
613 684 756 749 umioitia
774 702 843 749 nou
862 695 992 767 potest:

59 768 173 832 sublata
192 768 279 833 enim
300 764 534 833 benevolentia
547 766 709 833 amicitiae
723 784 843 831 nomen
858 766 994 847 tollitur,

59 850 291 937 propinquitatis
312 858 433 915 manet.
475 846 607 922 Quentu
627 859 738 915 nutem
759 852 811 913 vis
831 850 993 917 amieitiue
1012 844 1056 911 ‘20

60 935 111 1010 sit,
135 953 174 998 ex
197 931 261 997 boe
281 930 418 1015 intelligi
441 930 583 997 maxime
603 940 726 1013 potest,
747 930 836 1016 quod
857 952 899 999 ex
921 932 993 998 inii·

59 1017 121 1077 nite
147 1017 296 1081 soeietute
323 1014 458 1097 generis
495 1011 647 1093 humani,
677 1032 777 1098 qnam
804 1014 993 1081 ooneiliavit

61 1097 129 1177 ipsa
147 1106 272 1178 natiue,
303 1098 350 1162 ita
376 1106 548 1163 contrecta
574 1112 631 1164 res
658 1106 712 1161 est
740 1106 774 1161 et
794 1097 938 1163 adtuotn
958 1098 992 1165 in

61 1189 236 1262 ungentum,
269 1190 303 1243 ιιι
332 1179 440 1245 omnis
471 1180 594 1247 ceritas
622 1188 679 1245 eut
712 1176 799 1243 inter
824 1181 910 1247 ‹luos
935 1191 993 1245 aut

59 1260 135 1325 inter
153 1282 272 1345 peneus
291 1262 493 1346 iungeretur.

129 1343 185 1409 Est
203 1346 292 1409 enirn
320 1345 462 1411 amicitia
481 1340 563 1409 nibil
583 1341 673 1411 aliutl
693 1344 759 1411 nisi
780 1346 923 1413 omnium
943 1346 991 1411 (li-
1013 1341 1067 1407 Vl

58 1424 190 1491 rinurnm
213 1424 495 1510 humanarumque
522 1446 632 1491 rerum
656 1448 732 1493 euru
760 1428 993 1495 benevolentia

59 1518 86 1571 et
103 1510 229 1575 caritate
251 1511 448 1575 consensio:
485 1529 550 1594 que
600 1508 711 1573 rudem
736 1507 828 1575 baud
854 1514 926 1575 seio
946 1532 992 1577 au

58 1602 181 1675 exceptu
199 1591 366 1676 sapientia
386 1530 600 1677 quidquamll
622 1590 741 1657 melius
766 1590 890 1659 homiui
909 1594 991 1675 siti)
1077 1658 1083 1669 ,

58 1674 148 1738 ediis
165 1672 403 1742 inmortalibus
431 1674 552 1739 dutum.
599 1672 739 1739 Divitias
766 1672 824 1741 elil
849 1696 990 1761 praepo·

57 1766 141 1835 nunt,
160 1758 281 1823 bouem
302 1754 358 1821 alii
378 1754 618 1834 valetudinem,
639 1756 696 1823 ulii
760 1758 915 1838 tentiam,
935 1758 992 1827 alii

57 1834 193 1918 bonores,
213 1838 310 1903 multi
340 1839 438 1905 etism
464 1837 663 1922 voluptates.
752 1837 900 1905 eluurum
925 1840 991 1907 hoe

58 1922 169 2003 quidem
188 1932 386 1999 extremum,
405 1920 464 1987 illa
484 1934 594 1987 nutem
614 1922 789 2004 superiora
809 1924 937 1989 ouluoa
957 1934 991 1989 et

58 2004 180 2083 incerto,
207 2004 323 2088 posite
347 2023 417 2069 non
438 2012 504 2069 tam
526 2003 559 2067 in
580 2004 728 2069 consiliis
748 2006 872 2071 nostris
892 2026 991 2091 quam

58 2086 84 2147 in
101 2082 244 2152 fortunae
268 2086 463 2153 temeritate.
492 2086 556 2160 Qui
577 2096 685 2153 autem
708 2087 741 2151 iu
762 2090 883 2154 virtute
902 2110 991 2155 sum-

58 2188 130 2233 murn
147 2172 272 2235 bonurn
300 2178 444 2251 ponunt,
471 2167 645 2252 praeolere
675 2166 723 2235 illi
750 2171 900 2254 quidem3
927 2172 991 2235 seri

58 2245 129 2315 haee
153 2254 223 2336 ipsu
257 2252 366 2317 virtus
393 2252 567 2317 amicitiem
593 2261 627 2317 et
655 2252 760 2335 gignit
782 2262 815 2317 et
835 2254 992 2332 eontinet,

59 2350 112 2398 nee
128 2333 192 2404 sine
217 2334 345 2402 virtute
373 2335 515 2400 amicitie
544 2353 622 2400 esse
649 2333 718 2399 ullo
743 2346 843 2418 poeto
870 2347 991 2420 potest

58 2414 112 2480 lum
130 2421 282 2484 virtutem
309 2437 353 2482 ex
381 2417 619 2482 consuetudine
647 2418 737 2482 vitae
762 2420 990 2504 sermonisque
1011 2414 1051 2481 21

58 2500 144 2565 nostri
169 2500 426 2584 interpretemur
452 2520 515 2566 neo
544 2519 638 2578 enm,
668 2510 705 2564 ιιι
730 2501 861 2585 quidam
888 2502 990 2577 doeti,

59 2584 212 2650 verborum
231 2579 481 2667 magnificentia
501 2585 685 2658 metiemur,
705 2584 862 2668 virosque
884 2585 990 2646 bonos

58 2679 117 2739 eos,
136 2665 186 2747 qui
202 2663 391 2742 habentur,
411 2683 638 2741 numerenurs,
658 2663 813 2742 Peullos‚
833 2664 991 2742 Cutones,

57 2743 169 2825 Gallos,
187 2747 379 2832 Scipiones,
401 2745 528 2812 Plrilos:
550 2745 602 2812 lris
623 2748 805 2812 eommunis
825 2747 892 2811 vitu
913 2768 990 2812 eon·

56 2834 131 2892 tenu
150 2840 216 2906 est3
241 2849 310 2895 eos
331 2838 440 2894 autem
461 2829 663 2905 omittamus,
684 2829 740 2914 qui
760 2830 893 2894 omniuo
914 2849 991 2893 nus·

55 2927 135 2990 quam
154 2914 377 2997 reperiuntur.
425 2909 527 2976 'l'ales
553 2912 651 2993 igitur
679 2911 765 2976 inter
793 2913 884 2979 viros
911 2911 991 2976 ami·
1011 2911 1054 2974 ‘22

54 2993 115 3056 eitia
132 3005 238 3060 tantas
259 2993 530 3078 opportunitates
545 2991 658 3071 babet,
679 2994 891 3080 quantusvix
904 3012 991 3079 queo

54 3072 155 3141 dicere.
203 3076 378 3160 Principio
408 3077 462 3161 qni
483 3085 595 3160 potest
615 3093 691 3140 esse
712 3076 782 3139 vite
801 3075 928 3153 vitulis,
956 3087 992 3140 ut

54 3157 91 3218 uit
108 3157 235 3240 Ennius,
256 3178 348 3244 quae
369 3179 436 3224 non
456 3157 490 3222 in
511 3157 607 3224 emiei
626 3168 740 3222 mutua
760 3157 993 3224 benevolentiu

56 3243 272 3326 reliquissent?
308 3241 395 3315 Quid
424 3239 552 3308 duleius
573 3259 669 3325 quem
691 3237 835 3319 babere,
861 3243 992 3326 quieunt

56 3327 150 3388 omniu
167 3327 296 3390 nucleus
319 3323 368 3388 sie
389 3322 495 3406 loqui,
523 3333 559 3386 ιιι
587 3321 718 3389 tecum?
752 3323 835 3396 Quis
845 3323 873 3401 *ι
900 3334 993 3388 esset

56 3409 153 3467 tuntus
170 3405 298 3472 lrnetus
328 3406 363 3470 in
390 3405 562 3488 prosperis
588 3407 709 3482 rebus,
743 3406 806 3470 nisi
833 3404 991 3482 haberes,

74 3487 100 3549 ui
120 3483 177 3552 illis
196 3511 237 3556 ae
261 3509 308 3556 ue
330 3507 371 3552 ee
388 3501 423 3551 tu
438 3489 512 3571 ipse
525 3487 710 3570 grrnderet'i
730 3489 894 3554 adversas
907 3505 990 3553 vero

54 3505 130 3634 lene
149 3511 284 3638 difficile
307 3580 401 3636 esset
421 3573 494 3636 sine
508 3590 563 3649 eo,
583 3570 638 3656 qui
652 3569 729 3634 illas
742 3572 878 3655 gravius
893 3571 992 3636 etiam

56 3669 136 3730 quum
156 3663 190 3718 tu
209 3651 328 3720 ferret.
369 3651 520 3736 Denique
541 3666 675 3718 eeteree
697 3671 765 3731 res,
784 3672 869 3736 quae
890 3674 991 3736 expe·

57 3741 161 3812 turtur,
180 3747 393 3820 opportunae
414 3745 491 3799 sunt
510 3733 662 3818 singulae
675 3733 748 3799 sere
768 3735 903 3810 rebus⁴l
925 3738 991 3800 sin·

58 3813 141 3894 gulis:
163 3818 313 3897 divitiae,
334 3827 370 3881 ut
386 3827 498 3894 utere3
519 3836 615 3900 opes,
631 3826 666 3879 ut
679 3816 814 3894 colere3
834 3816 992 3892 bonores,

57 3906 83 3956 ut
98 3895 247 3976 laudere3
278 3897 482 3982 voluptates,
503 3910 539 3963 ut
558 3899 729 3981 gautleasr
759 3897 936 3976 valetudo,
957 3908 993 3963 ut

57 3975 155 4048 dolore
174 4001 299 4048 carens
314 3993 347 4048 et
361 3982 550 4046 muneribus
562 3979 701 4064 iungere
719 3983 891 4066 eor-perier
912 3983 991 4046 ami·

57 4063 196 4129 citiores
224 4062 387 4148 plurimas
415 4063 579 4130 eontinet:
611 4085 744 4152 quoquo
776 4075 809 4130 te
837 4067 991 4141 verteris,

56 4178 236 4199 -n-—u-

107 4239 134 4306 l)
150 4239 377 4296 naumann-
393 4241 423 4303 it
441 4244 479 4295 ιιι
495 4241 609 4300 bomini
625 4241 720 4300 llutlv.
734 4272 765 4282 -
783 4241 812 4312 3)
830 4237 992 4310 Quilliotn.

102 4333 132 4346 -
147 4310 176 4376 t)
192 4305 284 4364 retae
298 4307 371 4374 fere
387 4307 481 4364 bludo.
