2817 4725
201 228 492 301 annurtiant.
534 230 634 300 GAP:
657 225 759 301 xxa
780 232 896 301 xxtlt.
981 230 1025 301 Μ

70 404 110 471 ml
125 400 574 471 mmmmmabonnm
587 400 733 485 optimae
749 402 1025 489 ommiumque

70 491 256 555 comitatum
307 485 402 549 Haeo
426 492 498 561 eet,
534 483 567 548 in
591 504 686 563 uum,
713 487 878 565 sociatu,
904 488 939 551 ln
958 504 1025 635 que
1044 484 1087 551 at

72 573 179 637 omnia
201 570 326 643 ineam,
346 586 431 653 qaae
445 576 561 650 putant
621 569 727 633 mineo
746 570 945 654 expetenda,
989 590 1023 634 o·

72 666 196 733 nmmo,
217 650 341 735 gloria,
361 648 579 734 tranquillam
593 651 690 715 animi
713 662 812 739 atque
830 652 1027 730 inmunditia,

72 750 108 803 ut
123 748 172 816 et,
199 742 275 800 earn
298 732 383 799 baec
403 734 525 809 oasim,
554 735 652 799 beata
673 735 742 799 rita
760 739 807 801 ait
825 745 859 800 et
879 737 953 802 siue
974 734 1030 800 bia·

74 838 150 887 esse
173 834 243 883 non
272 818 389 900 poenit
429 816 530 890 Quod
557 836 631 881 mim
660 820 816 901 optimam
837 820 1026 885 mimum-

72 924 138 988 qnc
157 904 216 979 eit,
235 898 264 965 ei
285 900 321 965 id
334 898 486 965 volumus
502 898 650 981 adipisci,
671 901 781 965 virtuti
802 922 906 985 opera
918 902 1030 967 dartda

77 998 141 1064 eat,
160 986 235 1051 aiae
254 1001 317 1069 qaa
338 1002 403 1049 neo
423 980 597 1047 antioitiam
617 984 710 1063 aec't
730 982 832 1049 ullam
846 1004 916 1050 rem
928 1004 1028 1067 expe

81 1066 216 1133 tentiam
236 1058 388 1151 conequi
408 1082 600 1148 poseamus}
629 1085 670 1131 ea
690 1084 774 1131 vero
798 1066 955 1151 neglecta
974 1067 1031 1151 qui

83 1163 123 1215 tre
142 1148 266 1213 amicae
283 1146 408 1215 labare
428 1148 639 1225 arbitrantur,
667 1159 736 1213 tum
756 1168 797 1214 oe
816 1150 960 1236 dentque
978 1170 1029 1215 er·

78 1252 175 1297 ranae
194 1230 348 1309 sentiunt,
376 1248 449 1297 enm
471 1248 531 1297 eae
560 1234 674 1314 gravio
701 1231 820 1317 aliquio
847 1252 948 1298 caure
973 1252 1029 1297 ex·

78 1314 176 1399 periri
197 1314 297 1398 oogit
339 1314 503 1388 Quocirca
517 1346 559 1361 --
579 1315 754 1379 dicemlum
775 1325 828 1380 eat
847 1319 934 1382 enim
955 1333 1028 1381 aar·
1049 1312 1094 1383 85

78 1402 149 1479 pius
171 1428 213 1447 ·-
242 1418 317 1463 eom
345 1396 593 1473 iudicaverisit,
621 1396 760 1480 diligere
786 1409 934 1481 oportet,
963 1417 1030 1463 noa

76 1500 153 1547 cum
170 1478 342 1554 dilexeris,
365 1480 519 1545 iodicme
561 1480 629 1545 Sati
651 1500 725 1545 oum
745 1481 856 1546 multis
876 1484 909 1546 in
929 1485 1031 1547 rebua

77 1564 283 1649 negligentia
300 1563 487 1646 plectimur,
514 1574 582 1628 tum
602 1565 744 1629 maxime
763 1566 798 1629 in
818 1566 969 1641 anteiit)
998 1574 1033 1628 et

78 1646 302 1730 deligentlie⁴t
324 1659 359 1711 et
378 1645 547 1713 calendion
571 1648 797 1729 praeposteris
810 1650 896 1713 enim
914 1650 1034 1713 utimur

80 1730 226 1795 consiliis
249 1739 283 1795 et
304 1738 419 1795 oetan
446 1730 540 1807 imur,
561 1730 649 1813 quoti
665 1740 816 1794 vetamur
830 1742 1033 1813 veterepro

77 1815 205 1879 verbio.
247 1814 332 1877 Nam
353 1750 509 1900 implicati
531 1810 617 1877 ultro
647 1823 680 1877 et
700 1814 784 1878 citro
804 1811 858 1877 vel
881 1834 943 1878 usu
964 1815 1033 1877 iliu·

78 1908 175 1963 turno
202 1894 263 1960 rel
293 1897 391 1961 etiam
419 1894 539 1959 oifioiia
566 1906 705 1978 repente
732 1900 767 1961 in
796 1897 904 1961 aredio
935 1916 1035 1962 eursu

78 1978 242 2045 amicitias
264 1990 381 2043 exorta
402 1978 510 2065 aliqua
533 1976 717 2043 offensione
739 1980 992 2062 dirumpimns.·⁵t

161 2062 240 2137 Quo
263 2064 359 2127 etiam
382 2066 488 2145 magis
508 2062 727 2145 vituperanda
749 2073 802 2127 est
821 2066 869 2127 rei
890 2065 1032 2127 maxime
1052 2054 1236 2141 xxntaa.

80 2148 295 2211 necessariae
316 2155 407 2209 tanta
428 2145 562 2209 iomtria.
606 2144 680 2209 Una
709 2156 762 2210 est
788 2148 874 2211 enim
895 2146 1037 2209 amicitia

82 2232 113 2293 in
134 2230 239 2295 rebus
268 2226 436 2304 hamanis,
466 2228 508 2291 de
538 2228 630 2293 cuius
658 2226 797 2293 utilitate
825 2249 942 2295 omnes
968 2248 1036 2295 uno

82 2332 139 2378 me
160 2312 392 2387 consemiuatt
413 2311 635 2396 quanquamfl)
664 2330 683 2374 a
706 2310 816 2376 multia
836 2314 940 2377 virtus
961 2312 1037 2396 ipsa

82 2395 303 2462 contemuitur
317 2405 350 2460 ot
370 2395 550 2460 venditatio
565 2395 727 2480 quaedam
743 2406 842 2479 atque
857 2397 1034 2462 ostentatio

84 2499 161 2544 osae
182 2481 309 2544 dicitur.
348 2475 440 2542 Multi
463 2479 594 2542 divitior
615 2479 810 2562 (lespiciunt,
832 2499 917 2562 quoa
955 2497 1036 2542 urvo

84 2572 263 2626 contentos
284 2563 391 2626 tenuis
414 2562 520 2626 rictus
547 2559 720 2644 cultusque
741 2561 906 2634 ‹lcleetut3
930 2500 1037 2624 lona

82 2663 143 2708 ree
163 2663 257 2721 vero,
278 2663 414 2727 quorum
436 2643 613 2726 eupiditate
634 2645 765 2727 quitiam
784 2642 1039 2718 inflammantur,

83 2745 186 2812 qaam
208 2725 295 2790 multi
317 2727 363 2790 ita
384 2737 607 2802 contemnant,
635 2739 670 2790 ut
690 2725 770 2790 nibil
793 2729 932 2803 inanius,
959 2723 1040 2788 ulbil

84 2827 165 2874 case
186 2807 294 2874 levius
315 2808 520 2874 existiment!
557 2811 699 2893 itemque
720 2819 843 2882 cetera,
864 2827 949 2893 quae
970 2811 1038 2891 qui·

84 2893 226 2958 bundam
255 2892 461 2958 admirabilia
489 2892 659 2969 videmur,
697 2891 850 2974 permulti
879 2903 956 2956 eunt
984 2891 1039 2976 qui

84 2995 147 3058 pro
177 2973 282 3038 nihilo
312 2985 435 3058 putem.
476 2973 530 3038 lle
558 2975 698 3040 amicitia
724 2995 841 3040 omnen
863 2977 912 3040 aa
941 2995 1040 3040 uuum

84 3060 172 3122 niem
194 3061 352 3138 sentiunt,
382 3067 414 3122 et
436 3059 456 3120 ii
478 3059 531 3144 qni
562 3057 603 3122 ad
626 3077 695 3121 rem
717 3056 880 3142 publicam
903 3077 941 3121 se
962 3075 1040 3120 con-

85 3139 245 3217 tulerunt,
276 3150 309 3204 ct
338 3141 358 3203 il
390 3141 444 3224 qui
471 3159 579 3203 rerum
609 3141 797 3224 cognitione
827 3142 1042 3222 doctrinaque
1073 3171 1077 3178 ·

87 3223 309 3297 delectantur,
329 3234 365 3288 et
385 3225 405 3286 ii
426 3224 481 3308 qui
502 3241 596 3288 saum
611 3225 778 3305 negotium
799 3223 1041 3306 pentateuco,

86 3319 259 3390 postremo
289 3307 309 3370 ii
331 3306 384 3390 qui
406 3323 444 3370 ae
472 3315 561 3372 totos
582 3306 788 3370 trarlirierunt
807 3305 1043 3390 voluptariam,

86 3393 165 3453 sine
192 3389 334 3453 amicitia
355 3388 455 3452 vitam
486 3404 564 3454 esso
592 3387 792 3465 tailla1n‚ei
819 3391 920 3454 mono
940 3387 1045 3452 velim

87 3469 202 3556 aliqua
230 3489 273 3536 ex
311 3481 407 3554 parte
436 3470 617 3536 liberaliter
645 3473 769 3536 rivere.
818 3472 930 3554 Serpit
957 3472 1043 3534 enim
1064 3463 1106 3530 87

86 3557 204 3619 neseio
226 3573 292 3637 quo
314 3553 414 3618 morlo
441 3573 502 3636 per
522 3555 664 3618 omnium
693 3555 781 3618 vitas
801 3556 953 3629 amicitia,
980 3573 1045 3617 nee

86 3635 192 3701 ullum
213 3637 335 3702 aetatis
361 3636 536 3719 elegendae
562 3638 723 3702 rationem
749 3641 874 3719 patitur.
892 3657 969 3702 osae
989 3655 1046 3700 ea·

88 3730 219 3801 pentem
240 3720 302 3786 eui.
346 3717 433 3792 Quin
455 3721 552 3784 etiem
580 3721 609 3784 si
631 3721 704 3802 quio
726 3722 905 3802 asperitate
932 3737 973 3782 ea
995 3726 1047 3780 eat

88 3813 124 3864 et
152 3804 356 3868 immanitate
385 3813 541 3878 naturae,
576 3820 778 3884 congressae
814 3812 852 3865 ut
880 3801 1046 3866 hominum

88 3881 197 3969 fugiat
217 3897 319 3966 atque
348 3883 466 3962 oderit,
495 3881 625 3966 qualem
652 3881 756 3948 iuiaae
777 3883 919 3950 Atbeuia
939 3882 1046 3947 Timo·

87 3987 166 4040 nem
196 3971 313 4034 neseio
341 3985 440 4052 quem
467 3969 674 4050 accepimust
702 3977 813 4032 tannen
841 3967 960 4048 lopati
982 3982 1049 4028 noa

159 4173 192 4236 1)
215 4189 310 4246 neque
332 4172 425 4232 lilotn.
450 4175 544 4231 Madv.
569 4189 602 4217 -'-
626 4175 658 4240 i)
683 4177 825 4234 iudicarit
840 4176 933 4233 Klotz.
958 4173 1004 4217 -’
1018 4172 1050 4242 3)

89 4245 235 4300 ammam
253 4244 347 4298 Klotz.
365 4271 399 4284 -
417 4245 448 4306 4)
467 4243 623 4318 diitpendit
641 4241 732 4300 Klotz.
753 4273 784 4284 -
803 4248 832 4312 5)
848 4246 933 4300 lllotz
951 4243 1052 4316 probat

18 4385 19 4400 χ
88 4305 316 4382 amonim
334 4335 367 4370 -e
382 4309 411 4378 0)
428 4325 600 4381 quanquam
617 4327 670 4372 om.
687 4311 782 4368 nair.
870 4379 905 4455 D
