2817 4725
374 205 418 276 20
560 224 565 232 ‘
633 208 1007 289 nannius

377 380 558 455 autepaaut
580 375 677 444 suoi
734 376 843 455 (laidi
878 374 964 444 mee
982 385 1020 444 ut
1036 376 1205 455 onim,
1256 396 1337 451 un

375 476 512 539 graece,
541 479 638 543 quam
660 458 814 525 difficiles
834 456 1004 545 plerisque
1023 460 1176 525 ridentur
1197 482 1236 527 cu
1274 462 1335 526 mi·

379 549 480 605 tutnm
502 543 696 609 societates!
725 544 770 614 ad
790 564 877 628 qaus
902 565 970 607 nou
993 554 1046 607 est
1073 540 1173 610 luein
1194 545 1336 612 inventu

378 624 433 706 qui
455 623 680 692 descendant..
710 627 906 711 Quanquam
925 627 1051 698 Ennius
1070 639 1180 694 recte:

546 758 662 809 amiens
678 761 774 811 eertm
791 760 822 810 tu
838 771 873 809 re
889 756 1003 810 ineerta
1021 756 1168 819 candori
1195 763 1211 824 ¹.

381 878 490 939 tamen
512 871 596 945 haee
618 875 683 941 dua
709 874 853 943 levitatis
875 886 909 943 et
936 874 1132 941 infirmitatis
1153 870 1336 958 plerusque

381 958 592 1036 convincunt,
617 970 675 1023 unt
696 961 778 1025 siin
802 962 898 1027 burris
924 961 1026 1026 retus
1046 969 1259 1028 conternent
1279 968 1339 1025 aut

380 1037 413 1104 in
435 1036 530 1103 rnalis
551 1042 719 1111 deserunt.
840 1101 844 1107 ,
1351 1076 1354 1079 ’

242 1118 358 1189 Xl'lll.
464 1124 527 1196 Qui
550 1124 647 1208 igitur
673 1138 813 1211 utraque
832 1125 865 1189 in
885 1146 924 1193 re
943 1144 1094 1212 gravem,
1114 1132 1337 1202 constantem,

381 1204 533 1271 stabilem
554 1226 594 1273 se
615 1208 648 1275 ia
669 1212 811 1275 arsicitin
832 1210 1044 1291 praestiterit,
1062 1206 1152 1274 lianc
1173 1228 1216 1274 es
1230 1208 1331 1271 maxi·

380 1302 446 1357 Μ’
465 1310 542 1355 raro
570 1312 694 1374 genere
723 1291 890 1359 honrinura
926 1293 1071 1364 iudicare
1104 1290 1260 1358 debemus
1297 1299 1333 1353 et

319 1373 362 1439 65
383 1389 491 1453 preire
505 1373 625 1440 divino.
660 1375 916 1444 firmamentum
929 1387 1038 1442 autern
1051 1372 1334 1444 stabilitutiscon·

383 1456 662 1538 strrmiuequeest
684 1460 776 1535 eius,
802 1476 899 1542 quam
920 1460 955 1521 in
974 1458 1116 1526 amicitie
1159 1457 1338 1536 ueteranus,

381 1532 487 1605 fides:
523 1536 602 1605 nihil
629 1551 682 1605 est
710 1539 962 1618 columcille,
991 1540 1081 1625 quod
1107 1540 1140 1605 in
1165 1538 1243 1606 durn
1271 1551 1337 1603 est.

323 1632 334 1644 '
382 1618 571 1703 Strepitum
596 1634 770 1705 praeterea
791 1636 825 1689 et
845 1645 1051 1690 communem
1071 1634 1107 1689 et
1125 1622 1337 1688 consentien-

381 1710 460 1781 tem,
481 1704 512 1767 nt
535 1716 599 1784 est,
620 1709 674 1789 qui
695 1708 798 1774 rebus
817 1708 943 1773 eisdem
963 1715 1147 1784 proveatur,
1173 1703 1215 1770 eli
1241 1705 1252 1770 i
1274 1724 1339 1788 par

384 1796 453 1849 eet:
480 1807 567 1933 rinae
587 1792 696 1855 omniu
718 1792 885 1873 pertinent
911 1791 955 1855 ad
977 1788 1179 1856 fidelitatem.
1217 1726 1340 1872 §eque

383 1870 469 1936 enim
503 1870 589 1937 idum
611 1886 723 1956 potest
743 1892 821 1939 esse
841 1871 1012 1956 multiplex
1027 1872 1191 1954 ingenium
1212 1882 1247 1935 et
1268 1880 1338 1935 tor·

382 1960 532 2031 tuusum3
554 1976 661 2039 neque
674 1976 769 2035 vero,
789 1957 843 2041 qui
864 1976 930 2020 nnn
952 1956 1079 2021 eisdem
1100 1956 1201 2019 rebius
1221 1972 1338 2019 moue·

382 2041 435 2097 tar
454 2048 637 2123 naturaque
657 2044 832 2117 consentit,
858 2051 916 2105 uut
935 2038 1029 2106 lidus.
1042 2049 1102 2105 aut
1125 2035 1255 2103 stabilis
1276 2057 1338 2119 po-

383 2124 452 2181 test
472 2139 558 2186 esse.
600 2122 799 2189 Addemlum
827 2124 945 2192 ecclam
975 2133 1047 2200 est,
1075 2130 1111 2185 ut
1130 2140 1174 2185 ne
1193 2118 1338 2201 criuripi·

381 2198 447 2265 bus
474 2214 530 2267 aot
551 2203 733 2274 inseremlts
754 2204 937 2274 delectetur
963 2216 1023 2270 eut
1050 2204 1165 2270 credat
1194 2200 1339 2281 oblatis;
1398 2263 1399 2288 ξ

380 2298 468 2368 qnae
489 2289 656 2370 pertinent
675 2292 786 2355 omniu
812 2290 858 2353 ad
878 2308 972 2368 carri,
1001 2308 1101 2374 quarn
1127 2286 1340 2363 iamdudum
1398 2295 1399 2340 l

381 2377 507 2448 tracto,
547 2378 777 2443 constantiam.
823 2373 874 2438 lta
901 2373 939 2439 lit
970 2393 1085 2440 verum
1105 2369 1206 2448 illud,
1244 2369 1338 2453 quod

382 2450 473 2523 initio
502 2454 588 2531 dixi,
617 2459 791 2525 artricitiem
819 2458 882 2520 nisi
909 2457 997 2525 inter
1026 2457 1133 2521 bonos
1162 2472 1241 2521 esse
1266 2473 1338 2518 nan

292 2569 297 2576 -
381 2553 494 2616 posse.
540 2538 598 2603 Est
618 2541 708 2610 enim,
728 2541 803 2606 burri
827 2541 901 2618 riri,
921 2559 1017 2624 quera
1039 2537 1181 2607 eundem
1200 2537 1337 2620 sapien·
1397 2580 1398 2585 κ

299 2689 301 2694 ,
381 2629 449 2684 tera
468 2619 546 2688 licm
568 2623 691 2698 dicere,
712 2621 797 2689 lmec
811 2624 877 2688 dua
899 2635 1015 2688 tenere
1035 2623 1069 2686 in
1089 2621 1249 2686 amicitiae
1270 2621 1339 2702 pri-

315 2711 347 2767 .’.’
379 2719 485 2780 raum,
501 2725 558 2770 ne
580 2707 656 2790 quid
679 2705 790 2772 fictum
810 2709 854 2771 sit
879 2726 967 2772 neve
987 2703 1190 2772 simulatura:
1218 2715 1338 2784 aperte

383 2787 469 2848 enim
498 2786 554 2854 vel
581 2790 698 2858 odisse
726 2791 832 2874 magis
861 2791 892 2854 in
918 2791 992 2854 enni
1021 2799 1076 2854 est
1100 2806 1205 2872 qnam.
1223 2783 1338 2852 fronte

382 2865 551 2934 occultare
571 2875 786 2946 sententiare
808 2811 928 2937 deinde
948 2891 1016 2941 aon
1036 2868 1144 2936 solum
1166 2869 1207 2935 eir
1222 2863 1338 2950 ulique

379 2944 502 3012 allatas
524 2954 768 3020 criminationes
788 2953 965 3036 repellere,
993 2955 1054 3018 sed
1075 2974 1119 3018 ne
1139 2955 1245 3035 ipsum
1267 2953 1339 3036 qui·

377 3029 457 3098 ulem
479 3053 556 3100 esse
568 3038 789 3118 suspiciosum
810 3057 943 3121 semper
956 3035 1076 3122 aliquid
1086 3038 1338 3102 existimantem

319 3109 361 3182 66
383 3115 425 3178 ab
455 3118 560 3184 aurion
590 3139 667 3187 esse
698 3119 866 3186 violatum.
915 3122 1068 3188 Accedet
1094 3117 1161 3186 lmc
1187 3119 1339 3185 suavitas

377 3199 545 3279 quaedum
567 3215 701 3289 oportet
720 3225 909 3271 sermonum
936 3215 1036 3288 atquc
1066 3222 1205 3278 omnum,
1232 3195 1339 3265 haud·

377 3300 546 3365 quoquam
574 3287 742 3352 mediocre
761 3289 1005 3355 condimentum
1033 3287 1205 3352 arrricitiae.
1247 3283 1340 3348 Tris·

382 3365 454 3426 titia
473 3377 582 3434 eutem
604 3381 641 3436 et
658 3371 691 3436 in
713 3373 800 3436 omni
823 3389 861 3438 re
880 3373 1045 3435 severitas
1063 3367 1168 3434 lrabet
1187 3365 1246 3432 illa
1267 3369 1339 3448 qui·

379 3445 456 3514 dem
479 3453 686 3532 gravitatem,
707 3455 769 3520 sed
790 3455 933 3521 amicitie
946 3455 1115 3518 remissior
1136 3470 1215 3516 esse
1235 3450 1339 3514 debet

380 3541 416 3598 et
435 3527 571 3598 liberior
600 3545 635 3602 et
656 3536 783 3604 dulcior
804 3538 903 3602 etad
925 3557 1055 3603 onraear
1075 3534 1263 3609 mundatura
1283 3531 1337 3598 su·

378 3611 601 3700 eilitatemque
621 3619 812 3701 proclivior.

200 3687 290 3776 ltili,
309 3691 360 3764 lii.
464 3698 603 3766 Exsistit
633 3715 742 3768 autern
777 3701 843 3768 liae
876 3701 953 3768 loco
982 3701 1146 3786 quaedam
1183 3699 1335 3784 quaestio

375 3780 602 3854 subdifficilis:
622 3803 709 3852 num
731 3787 864 3870 quando
885 3788 980 3852 amici
1001 3787 1093 3862 noui,
1114 3786 1204 3868 digni
1223 3783 1336 3849 amiet-

380 3866 445 3942 tia,
472 3869 640 3934 veteribus
669 3871 736 3934 sint
762 3869 1007 3952 anteponendi,
1036 3882 1072 3935 nt
1100 3869 1194 3952 equis
1215 3863 1337 3932 vetulis

379 3956 517 4018 teneros
535 3961 742 4032 anteponere
762 3952 919 4021 solemus.
961 3952 1101 4036 lndigna
1122 3949 1256 4016 horaine
1276 3949 1336 4012 ulu-

380 4029 494 4096 lritatio
510 4032 544 4112 ¹).
595 4035 669 4098 Non
699 4037 785 4102 euim
807 4037 930 4102 debent
957 4055 1037 4100 esse
1056 4035 1269 4098 amicitiarum
1292 4031 1335 4094 si·

377 4121 433 4178 out
453 4113 591 4182 aliarum
620 4137 730 4186 rerum
751 4121 942 4186 satietates:
974 4119 1151 4188 veterrima
1173 4133 1336 4211 quaeque,

376 4233 576 4253 ,ιο-υ..-

447 4274 477 4362 l)
497 4291 642 4354 mtrem
656 4295 774 4357 aomos
788 4297 890 4364 uros.-
