<?xml version="1.0" encoding="UTF-8"?>
<!DOCTYPE html PUBLIC "-//W3C//DTD XHTML 1.0 Transitional//EN"
    "http://www.w3.org/TR/xhtml1/DTD/xhtml1-transitional.dtd">
<html xmlns="http://www.w3.org/1999/xhtml" xml:lang="en" lang="en">
 <head>
  <title>
</title>
<meta http-equiv="Content-Type" content="text/html;charset=utf-8" />
  <meta name='ocr-system' content='tesseract 3.04.00' />
  <meta name='ocr-capabilities' content='ocr_page ocr_carea ocr_par ocr_line ocrx_word'/>
</head>
<body>
  <div class='ocr_page' id='page_1' title='image "./mtulliiciceroni00seyfgoog_0022.png"; bbox 0 0 2817 4725; ppageno 0'>
   <div class='ocr_carea' id='block_1_1' title="bbox 375 253 1010 322">
    <p class='ocr_par' dir='ltr' id='par_1_1' title="bbox 375 253 1010 322">
     <span class='ocr_line' id='line_1_1' title="bbox 375 253 1010 322; baseline 0 0"><span class='ocrx_word' id='word_1_1' title='bbox 375 257 398 322; x_wconf 78' lang='lat'><em>2</em></span> <span class='ocrx_word' id='word_1_2' title='bbox 693 253 1010 322; x_wconf 81' lang='lat' dir='ltr'>LAELlUS</span> 
     </span>
    </p>
   </div>
   <div class='ocr_carea' id='block_1_2' title="bbox 379 416 1342 919">
    <p class='ocr_par' dir='ltr' id='par_1_2' title="bbox 379 416 1342 589">
     <span class='ocr_line' id='line_1_2' title="bbox 379 416 1342 506; baseline -0.002 -19"><span class='ocrx_word' id='word_1_3' title='bbox 379 433 507 489; x_wconf 89' lang='lat' dir='ltr'>etcum</span> <span class='ocrx_word' id='word_1_4' title='bbox 529 420 634 487; x_wconf 81' lang='lat' dir='ltr'>altero</span> <span class='ocrx_word' id='word_1_5' title='bbox 657 440 782 506; x_wconf 84' lang='lat' dir='ltr'>genero</span> <span class='ocrx_word' id='word_1_6' title='bbox 804 420 842 486; x_wconf 70' lang='grc' dir='ltr'>(ἶ.</span> <span class='ocrx_word' id='word_1_7' title='bbox 855 420 979 485; x_wconf 81' lang='lat' dir='ltr'>Fannio</span> <span class='ocrx_word' id='word_1_8' title='bbox 1001 416 1108 487; x_wconf 79' lang='lat' dir='ltr'>Murci</span> <span class='ocrx_word' id='word_1_9' title='bbox 1128 416 1197 485; x_wconf 85' lang='lat' dir='ltr'>illio</span> <span class='ocrx_word' id='word_1_10' title='bbox 1217 418 1342 503; x_wconf 84' lang='lat' dir='ltr'>pnncis</span> 
     </span>
     <span class='ocr_line' id='line_1_3' title="bbox 379 502 936 589; baseline -0.009 -19"><span class='ocrx_word' id='word_1_11' title='bbox 379 506 498 571; x_wconf 87' lang='lat' dir='ltr'>diebus</span> <span class='ocrx_word' id='word_1_12' title='bbox 518 515 597 589; x_wconf 90' lang='lat' dir='ltr'>post</span> <span class='ocrx_word' id='word_1_13' title='bbox 616 516 755 571; x_wconf 89' lang='lat' dir='ltr'>mortem</span> <span class='ocrx_word' id='word_1_14' title='bbox 778 502 936 569; x_wconf 74' lang='lat' dir='ltr'>Africani.</span> 
     </span>
    </p>

    <p class='ocr_par' dir='ltr' id='par_1_3' title="bbox 380 584 1342 919">
     <span class='ocr_line' id='line_1_4' title="bbox 463 584 1342 671; baseline -0.005 -20"><span class='ocrx_word' id='word_1_15' title='bbox 463 586 543 651; x_wconf 85' lang='lat' dir='ltr'>Eius</span> <span class='ocrx_word' id='word_1_16' title='bbox 565 588 796 671; x_wconf 72' lang='lat' dir='ltr'>disputationis</span> <span class='ocrx_word' id='word_1_17' title='bbox 823 585 1006 650; x_wconf 81' lang='lat' dir='ltr'>sententies</span> <span class='ocrx_word' id='word_1_18' title='bbox 1035 584 1215 649; x_wconf 78' lang='lat' dir='ltr'>memoriae</span> <span class='ocrx_word' id='word_1_19' title='bbox 1243 604 1342 649; x_wconf 82' lang='lat' dir='ltr'>mun·</span> 
     </span>
     <span class='ocr_line' id='line_1_5' title="bbox 380 668 1342 755; baseline -0.006 -18"><span class='ocrx_word' id='word_1_20' title='bbox 380 670 470 748; x_wconf 81' lang='lat' dir='ltr'>davi,</span> <span class='ocrx_word' id='word_1_21' title='bbox 490 689 574 755; x_wconf 85' lang='lat' dir='ltr'>quus</span> <span class='ocrx_word' id='word_1_22' title='bbox 595 669 660 733; x_wconf 91' lang='lat' dir='ltr'>hoo</span> <span class='ocrx_word' id='word_1_23' title='bbox 681 668 767 734; x_wconf 89' lang='lat' dir='ltr'>libro</span> <span class='ocrx_word' id='word_1_24' title='bbox 790 668 929 751; x_wconf 77' lang='lat' dir='ltr'>exposui</span> <span class='ocrx_word' id='word_1_25' title='bbox 943 668 1105 731; x_wconf 78' lang='lat' dir='ltr'>arbitratu</span> <span class='ocrx_word' id='word_1_26' title='bbox 1125 685 1218 731; x_wconf 76' lang='lat' dir='ltr'>meot</span> <span class='ocrx_word' id='word_1_27' title='bbox 1240 668 1342 751; x_wconf 81' lang='lat' dir='ltr'>quusi</span> 
     </span>
     <span class='ocr_line' id='line_1_6' title="bbox 380 748 1341 836; baseline -0.005 -19"><span class='ocrx_word' id='word_1_28' title='bbox 380 754 466 817; x_wconf 88' lang='lat' dir='ltr'>enim</span> <span class='ocrx_word' id='word_1_29' title='bbox 488 754 581 835; x_wconf 91' lang='lat' dir='ltr'>ipsos</span> <span class='ocrx_word' id='word_1_30' title='bbox 602 752 716 816; x_wconf 80' lang='lat' dir='ltr'>induxi</span> <span class='ocrx_word' id='word_1_31' title='bbox 735 748 928 836; x_wconf 85' lang='lat' dir='ltr'>loquentes,</span> <span class='ocrx_word' id='word_1_32' title='bbox 954 770 998 814; x_wconf 87' lang='lat' dir='ltr'>ne</span> <span class='ocrx_word' id='word_1_33' title='bbox 1018 748 1152 834; x_wconf 77' lang='lat' dir='ltr'>inquom</span> <span class='ocrx_word' id='word_1_34' title='bbox 1173 759 1207 813; x_wconf 89' lang='lat' dir='ltr'>et</span> <span class='ocrx_word' id='word_1_35' title='bbox 1226 748 1341 834; x_wconf 77' lang='lat' dir='ltr'>inquit</span> 
     </span>
     <span class='ocr_line' id='line_1_7' title="bbox 381 834 1341 919; baseline -0.006 -18"><span class='ocrx_word' id='word_1_36' title='bbox 381 834 515 919; x_wconf 83' lang='lat' dir='ltr'>saepius</span> <span class='ocrx_word' id='word_1_37' title='bbox 536 836 817 917; x_wconf 80' lang='lat' dir='ltr'>interponeretur,</span> <span class='ocrx_word' id='word_1_38' title='bbox 844 843 944 917; x_wconf 88' lang='lat' dir='ltr'>etque</span> <span class='ocrx_word' id='word_1_39' title='bbox 964 843 1000 896; x_wconf 92' lang='lat' dir='ltr'>ut</span> <span class='ocrx_word' id='word_1_40' title='bbox 1019 842 1173 916; x_wconf 81' lang='lat' dir='ltr'>tanquam</span> <span class='ocrx_word' id='word_1_41' title='bbox 1195 850 1217 895; x_wconf 84' lang='grc' dir='ltr'>ιι</span> <span class='ocrx_word' id='word_1_42' title='bbox 1238 851 1341 914; x_wconf 83' lang='lat' dir='ltr'>prue-</span> 
     </span>
    </p>
   </div>
   <div class='ocr_carea' id='block_1_3' title="bbox 220 912 1340 996">
    <p class='ocr_par' dir='ltr' id='par_1_4' title="bbox 220 912 1340 996">
     <span class='ocr_line' id='line_1_8' title="bbox 220 912 1340 996; baseline -0.006 -10"><span class='ocrx_word' id='word_1_43' title='bbox 220 972 228 995; x_wconf 81' lang='grc'><em>,</em></span> <span class='ocrx_word' id='word_1_44' title='bbox 316 920 339 985; x_wconf 80' lang='grc'>4</span> <span class='ocrx_word' id='word_1_45' title='bbox 379 920 528 983; x_wconf 87' lang='lat' dir='ltr'>sentibus</span> <span class='ocrx_word' id='word_1_46' title='bbox 549 934 662 981; x_wconf 85' lang='lat' dir='ltr'>eornm</span> <span class='ocrx_word' id='word_1_47' title='bbox 682 915 799 981; x_wconf 81' lang='lat' dir='ltr'>heberi</span> <span class='ocrx_word' id='word_1_48' title='bbox 812 934 923 982; x_wconf 67' lang='lat' dir='ltr'>semo</span> <span class='ocrx_word' id='word_1_49' title='bbox 937 914 1115 996; x_wconf 75' lang='lat' dir='ltr'>videretur.</span> <span class='ocrx_word' id='word_1_50' title='bbox 1149 912 1232 979; x_wconf 84' lang='lat' dir='ltr'>Cum</span> <span class='ocrx_word' id='word_1_51' title='bbox 1247 914 1340 979; x_wconf 83' lang='lat' dir='ltr'>enirn</span> 
     </span>
    </p>
   </div>
   <div class='ocr_carea' id='block_1_4' title="bbox 321 996 1400 3619">
    <p class='ocr_par' dir='ltr' id='par_1_5' title="bbox 321 996 1400 3619">
     <span class='ocr_line' id='line_1_9' title="bbox 380 996 1340 1083; baseline -0.004 -19"><span class='ocrx_word' id='word_1_52' title='bbox 380 1019 487 1083; x_wconf 76' lang='lat' dir='ltr'>saepe</span> <span class='ocrx_word' id='word_1_53' title='bbox 515 1018 642 1063; x_wconf 88' lang='lat' dir='ltr'>mecum</span> <span class='ocrx_word' id='word_1_54' title='bbox 670 1018 811 1083; x_wconf 79' lang='lat' dir='ltr'>egeres,</span> <span class='ocrx_word' id='word_1_55' title='bbox 845 1009 880 1062; x_wconf 94' lang='grc' dir='ltr'>ιιι</span> <span class='ocrx_word' id='word_1_56' title='bbox 910 996 953 1062; x_wconf 90' lang='lat' dir='ltr'>de</span> <span class='ocrx_word' id='word_1_57' title='bbox 981 996 1123 1063; x_wconf 78' lang='lat' dir='ltr'>amicitie</span> <span class='ocrx_word' id='word_1_58' title='bbox 1151 997 1340 1064; x_wconf 85' lang='lat' dir='ltr'>scriberem</span> 
     </span>
     <span class='ocr_line' id='line_1_10' title="bbox 382 1078 1341 1167; baseline -0.002 -22"><span class='ocrx_word' id='word_1_59' title='bbox 382 1082 524 1167; x_wconf 80' lang='lat' dir='ltr'>aliquid,</span> <span class='ocrx_word' id='word_1_60' title='bbox 553 1081 654 1167; x_wconf 73' lang='lat' dir='ltr'>digne</span> <span class='ocrx_word' id='word_1_61' title='bbox 684 1079 762 1145; x_wconf 84' lang='lat' dir='ltr'>milti</span> <span class='ocrx_word' id='word_1_62' title='bbox 790 1100 847 1147; x_wconf 84' lang='lat' dir='ltr'>res</span> <span class='ocrx_word' id='word_1_63' title='bbox 870 1102 946 1145; x_wconf 91' lang='lat' dir='ltr'>cum</span> <span class='ocrx_word' id='word_1_64' title='bbox 976 1078 1119 1143; x_wconf 87' lang='lat' dir='ltr'>omnium</span> <span class='ocrx_word' id='word_1_65' title='bbox 1145 1099 1187 1143; x_wconf 79' lang='lat' dir='ltr'>ce</span> <span class='ocrx_word' id='word_1_66' title='bbox 1235 1080 1341 1143; x_wconf 88' lang='lat' dir='ltr'>itione</span> 
     </span>
     <span class='ocr_line' id='line_1_11' title="bbox 380 1155 1399 1246; baseline -0.001 -20"><span class='ocrx_word' id='word_1_67' title='bbox 380 1177 448 1229; x_wconf 90' lang='lat' dir='ltr'>tum</span> <span class='ocrx_word' id='word_1_68' title='bbox 470 1174 586 1228; x_wconf 82' lang='lat' dir='ltr'>nostra</span> <span class='ocrx_word' id='word_1_69' title='bbox 605 1160 828 1229; x_wconf 81' lang='lat' dir='ltr'>fmniliuritate</span> <span class='ocrx_word' id='word_1_70' title='bbox 848 1164 1005 1227; x_wconf 80' lang='lat' dir='ltr'>viseest</span> <span class='ocrx_word' id='word_1_71' title='bbox 1041 1162 1158 1246; x_wconf 75' lang='lat' dir='ltr'>ltaque</span> <span class='ocrx_word' id='word_1_72' title='bbox 1194 1161 1340 1225; x_wconf 82' lang='lat' dir='ltr'>erinon</span> <span class='ocrx_word' id='word_1_73' title='bbox 1398 1155 1399 1216; x_wconf 79' lang='lat' dir='ltr'>l</span> 
     </span>
     <span class='ocr_line' id='line_1_12' title="bbox 381 1242 1339 1329; baseline -0.006 -18"><span class='ocrx_word' id='word_1_74' title='bbox 381 1247 521 1323; x_wconf 90' lang='lat' dir='ltr'>invitus,</span> <span class='ocrx_word' id='word_1_75' title='bbox 549 1256 584 1310; x_wconf 89' lang='lat' dir='ltr'>ut</span> <span class='ocrx_word' id='word_1_76' title='bbox 605 1246 802 1329; x_wconf 83' lang='lat' dir='ltr'>prodessem</span> <span class='ocrx_word' id='word_1_77' title='bbox 828 1244 938 1309; x_wconf 88' lang='lat' dir='ltr'>multis</span> <span class='ocrx_word' id='word_1_78' title='bbox 960 1254 1078 1328; x_wconf 70' lang='lat' dir='ltr'>rogatu</span> <span class='ocrx_word' id='word_1_79' title='bbox 1099 1256 1166 1308; x_wconf 86' lang='lat' dir='ltr'>tuo.</span> <span class='ocrx_word' id='word_1_80' title='bbox 1207 1242 1278 1310; x_wconf 87' lang='lat' dir='ltr'>Sed</span> <span class='ocrx_word' id='word_1_81' title='bbox 1300 1252 1339 1306; x_wconf 87' lang='lat' dir='ltr'>ut</span> 
     </span>
     <span class='ocr_line' id='line_1_13' title="bbox 382 1326 1399 1411; baseline -0.004 -18"><span class='ocrx_word' id='word_1_82' title='bbox 382 1330 416 1393; x_wconf 90' lang='lat' dir='ltr'>in</span> <span class='ocrx_word' id='word_1_83' title='bbox 431 1327 557 1393; x_wconf 76' lang='lat' dir='ltr'>Catone</span> <span class='ocrx_word' id='word_1_84' title='bbox 578 1329 715 1405; x_wconf 86' lang='lat' dir='ltr'>nruiore,</span> <span class='ocrx_word' id='word_1_85' title='bbox 736 1328 791 1411; x_wconf 90' lang='lat' dir='ltr'>qui</span> <span class='ocrx_word' id='word_1_86' title='bbox 813 1336 865 1392; x_wconf 86' lang='lat' dir='ltr'>est</span> <span class='ocrx_word' id='word_1_87' title='bbox 887 1329 1030 1409; x_wconf 88' lang='lat' dir='ltr'>scriptus</span> <span class='ocrx_word' id='word_1_88' title='bbox 1050 1327 1095 1391; x_wconf 86' lang='lat' dir='ltr'>etl</span> <span class='ocrx_word' id='word_1_89' title='bbox 1116 1337 1151 1392; x_wconf 87' lang='lat' dir='ltr'>te</span> <span class='ocrx_word' id='word_1_90' title='bbox 1172 1326 1216 1391; x_wconf 92' lang='lat' dir='ltr'>de</span> <span class='ocrx_word' id='word_1_91' title='bbox 1236 1345 1340 1391; x_wconf 86' lang='lat' dir='ltr'>sene·</span> <span class='ocrx_word' id='word_1_92' title='bbox 1398 1343 1399 1374; x_wconf 85' lang='lat'>1</span> 
     </span>
     <span class='ocr_line' id='line_1_14' title="bbox 383 1408 1399 1493; baseline -0.004 -18"><span class='ocrx_word' id='word_1_93' title='bbox 383 1420 493 1489; x_wconf 90' lang='lat' dir='ltr'>ctnte,</span> <span class='ocrx_word' id='word_1_94' title='bbox 521 1408 682 1475; x_wconf 83' lang='lat' dir='ltr'>Catonem</span> <span class='ocrx_word' id='word_1_95' title='bbox 710 1410 822 1475; x_wconf 71' lang='lat' dir='ltr'>induri</span> <span class='ocrx_word' id='word_1_96' title='bbox 850 1428 966 1479; x_wconf 83' lang='lat' dir='ltr'>senem</span> <span class='ocrx_word' id='word_1_97' title='bbox 991 1410 1229 1493; x_wconf 81' lang='lat' dir='ltr'>disputantem,</span> <span class='ocrx_word' id='word_1_98' title='bbox 1258 1410 1340 1493; x_wconf 83' lang='lat' dir='ltr'>quin</span> <span class='ocrx_word' id='word_1_99' title='bbox 1398 1451 1399 1462; x_wconf 47' lang='grc' dir='ltr'>ι</span> 
     </span>
     <span class='ocr_line' id='line_1_15' title="bbox 382 1488 1399 1578; baseline -0.002 -21"><span class='ocrx_word' id='word_1_100' title='bbox 382 1490 476 1557; x_wconf 83' lang='grc' dir='ltr'>ιιιιΙΙιι</span> <span class='ocrx_word' id='word_1_101' title='bbox 496 1492 672 1556; x_wconf 79' lang='lat' dir='ltr'>videbatur</span> <span class='ocrx_word' id='word_1_102' title='bbox 691 1493 800 1575; x_wconf 81' lang='lat' dir='ltr'>aptior</span> <span class='ocrx_word' id='word_1_103' title='bbox 820 1510 983 1574; x_wconf 82' lang='lat' dir='ltr'>persone,</span> <span class='ocrx_word' id='word_1_104' title='bbox 1011 1511 1096 1578; x_wconf 81' lang='lat' dir='ltr'>qnae</span> <span class='ocrx_word' id='word_1_105' title='bbox 1124 1492 1168 1556; x_wconf 89' lang='lat' dir='ltr'>de</span> <span class='ocrx_word' id='word_1_106' title='bbox 1192 1488 1252 1555; x_wconf 81' lang='lat' dir='ltr'>illu</span> <span class='ocrx_word' id='word_1_107' title='bbox 1280 1510 1339 1555; x_wconf 83' lang='lat' dir='ltr'>ac·</span> <span class='ocrx_word' id='word_1_108' title='bbox 1398 1497 1399 1534; x_wconf 67' lang='lat' dir='ltr'>l</span> 
     </span>
     <span class='ocr_line' id='line_1_16' title="bbox 383 1572 1399 1659; baseline 0.003 -23"><span class='ocrx_word' id='word_1_109' title='bbox 383 1572 662 1658; x_wconf 81' lang='lat' dir='ltr'>tuteloqueretur,</span> <span class='ocrx_word' id='word_1_110' title='bbox 677 1594 775 1658; x_wconf 87' lang='lat' dir='ltr'>quum</span> <span class='ocrx_word' id='word_1_111' title='bbox 789 1576 873 1653; x_wconf 88' lang='lat' dir='ltr'>eius,</span> <span class='ocrx_word' id='word_1_112' title='bbox 887 1578 941 1659; x_wconf 91' lang='lat' dir='ltr'>qui</span> <span class='ocrx_word' id='word_1_113' title='bbox 956 1586 989 1640; x_wconf 89' lang='lat' dir='ltr'>et</span> <span class='ocrx_word' id='word_1_114' title='bbox 1002 1595 1107 1640; x_wconf 80' lang='lat' dir='ltr'>senex</span> <span class='ocrx_word' id='word_1_115' title='bbox 1122 1573 1339 1651; x_wconf 87' lang='lat' dir='ltr'>diutissime¹)</span> <span class='ocrx_word' id='word_1_116' title='bbox 1398 1607 1399 1610; x_wconf 36' lang='lat'>¹</span> 
     </span>
     <span class='ocr_line' id='line_1_17' title="bbox 383 1654 1339 1741; baseline 0.001 -22"><span class='ocrx_word' id='word_1_117' title='bbox 383 1654 502 1721; x_wconf 81' lang='lat' dir='ltr'>luisset</span> <span class='ocrx_word' id='word_1_118' title='bbox 530 1667 564 1720; x_wconf 92' lang='lat' dir='ltr'>et</span> <span class='ocrx_word' id='word_1_119' title='bbox 590 1658 624 1720; x_wconf 95' lang='lat' dir='ltr'>in</span> <span class='ocrx_word' id='word_1_120' title='bbox 652 1658 727 1739; x_wconf 85' lang='lat' dir='ltr'>ipsa</span> <span class='ocrx_word' id='word_1_121' title='bbox 753 1668 924 1722; x_wconf 85' lang='lat' dir='ltr'>senectute</span> <span class='ocrx_word' id='word_1_122' title='bbox 951 1666 1086 1741; x_wconf 79' lang='lat' dir='ltr'>praeter</span> <span class='ocrx_word' id='word_1_123' title='bbox 1112 1667 1245 1723; x_wconf 86' lang='lat' dir='ltr'>ceteros</span> <span class='ocrx_word' id='word_1_124' title='bbox 1275 1656 1339 1720; x_wconf 87' lang='lat' dir='ltr'>ilo·</span> 
     </span>
     <span class='ocr_line' id='line_1_18' title="bbox 383 1738 1340 1843; baseline -0.002 -38"><span class='ocrx_word' id='word_1_125' title='bbox 383 1739 523 1811; x_wconf 85' lang='lat' dir='ltr'>ruisset:</span> <span class='ocrx_word' id='word_1_126' title='bbox 544 1738 606 1816; x_wconf 87' lang='lat' dir='ltr'>sic,</span> <span class='ocrx_word' id='word_1_127' title='bbox 625 1760 700 1803; x_wconf 88' lang='lat' dir='ltr'>enm</span> <span class='ocrx_word' id='word_1_128' title='bbox 721 1742 968 1843; x_wconf 81' lang='lat' dir='ltr'>accepissemus</span> <span class='ocrx_word' id='word_1_129' title='bbox 988 1758 1010 1803; x_wconf 78' lang='lat' dir='ltr'><strong>a</strong></span> <span class='ocrx_word' id='word_1_130' title='bbox 1030 1738 1178 1823; x_wconf 78' lang='lat' dir='ltr'>patribus</span> <span class='ocrx_word' id='word_1_131' title='bbox 1191 1739 1340 1803; x_wconf 78' lang='lat' dir='ltr'>mexirne</span> 
     </span>
     <span class='ocr_line' id='line_1_19' title="bbox 383 1819 1339 1906; baseline 0 -21"><span class='ocrx_word' id='word_1_132' title='bbox 383 1819 630 1886; x_wconf 79' lang='lat' dir='ltr'>memorabilem</span> <span class='ocrx_word' id='word_1_133' title='bbox 652 1820 690 1887; x_wconf 87' lang='lat' dir='ltr'>C.</span> <span class='ocrx_word' id='word_1_134' title='bbox 709 1821 816 1887; x_wconf 81' lang='lat' dir='ltr'>Luelir</span> <span class='ocrx_word' id='word_1_135' title='bbox 837 1831 870 1886; x_wconf 87' lang='lat' dir='ltr'>et</span> <span class='ocrx_word' id='word_1_136' title='bbox 891 1822 927 1885; x_wconf 89' lang='lat' dir='ltr'>P.</span> <span class='ocrx_word' id='word_1_137' title='bbox 948 1822 1113 1906; x_wconf 86' lang='lat' dir='ltr'>Scipionis</span> <span class='ocrx_word' id='word_1_138' title='bbox 1134 1820 1339 1887; x_wconf 74' lang='lat' dir='ltr'>familiarite·</span> 
     </span>
     <span class='ocr_line' id='line_1_20' title="bbox 383 1902 1339 1987; baseline -0.001 -20"><span class='ocrx_word' id='word_1_139' title='bbox 383 1916 449 1967; x_wconf 90' lang='lat' dir='ltr'>tem</span> <span class='ocrx_word' id='word_1_140' title='bbox 470 1902 593 1983; x_wconf 81' lang='lat' dir='ltr'>fuisse,</span> <span class='ocrx_word' id='word_1_141' title='bbox 619 1904 742 1969; x_wconf 80' lang='lat' dir='ltr'>idonee</span> <span class='ocrx_word' id='word_1_142' title='bbox 769 1903 847 1969; x_wconf 85' lang='lat' dir='ltr'>milri</span> <span class='ocrx_word' id='word_1_143' title='bbox 868 1905 974 1969; x_wconf 76' lang='lat' dir='ltr'>Laelii</span> <span class='ocrx_word' id='word_1_144' title='bbox 1000 1924 1145 1987; x_wconf 83' lang='lat' dir='ltr'>persono</span> <span class='ocrx_word' id='word_1_145' title='bbox 1172 1904 1248 1968; x_wconf 82' lang='lat' dir='ltr'>viso</span> <span class='ocrx_word' id='word_1_146' title='bbox 1269 1914 1339 1980; x_wconf 88' lang='lat' dir='ltr'>est,</span> 
     </span>
     <span class='ocr_line' id='line_1_21' title="bbox 382 1986 1338 2071; baseline 0.001 -22"><span class='ocrx_word' id='word_1_147' title='bbox 382 2006 469 2071; x_wconf 84' lang='lat' dir='ltr'>quoe</span> <span class='ocrx_word' id='word_1_148' title='bbox 495 1986 699 2051; x_wconf 78' lang='lat' dir='ltr'>deamicitia</span> <span class='ocrx_word' id='word_1_149' title='bbox 725 2006 765 2050; x_wconf 87' lang='lat' dir='ltr'>eu</span> <span class='ocrx_word' id='word_1_150' title='bbox 790 1988 863 2070; x_wconf 85' lang='lat' dir='ltr'>ipsa</span> <span class='ocrx_word' id='word_1_151' title='bbox 885 1986 1084 2066; x_wconf 89' lang='lat' dir='ltr'>dissereret,</span> <span class='ocrx_word' id='word_1_152' title='bbox 1109 2005 1195 2071; x_wconf 82' lang='lat' dir='ltr'>quae</span> <span class='ocrx_word' id='word_1_153' title='bbox 1222 1987 1338 2068; x_wconf 90' lang='lat' dir='ltr'>dispu-</span> 
     </span>
     <span class='ocr_line' id='line_1_22' title="bbox 383 2068 1339 2137; baseline 0.002 -6"><span class='ocrx_word' id='word_1_154' title='bbox 383 2078 453 2133; x_wconf 81' lang='lat' dir='ltr'>tate</span> <span class='ocrx_word' id='word_1_155' title='bbox 480 2070 523 2133; x_wconf 77' lang='lat' dir='ltr'>ab</span> <span class='ocrx_word' id='word_1_156' title='bbox 551 2088 592 2133; x_wconf 90' lang='lat' dir='ltr'>eo</span> <span class='ocrx_word' id='word_1_157' title='bbox 620 2070 823 2134; x_wconf 88' lang='lat' dir='ltr'>meminisset</span> <span class='ocrx_word' id='word_1_158' title='bbox 851 2068 1028 2136; x_wconf 70' lang='lat' dir='ltr'>Scaevola·</span> <span class='ocrx_word' id='word_1_159' title='bbox 1079 2068 1194 2134; x_wconf 88' lang='lat' dir='ltr'>Genus</span> <span class='ocrx_word' id='word_1_160' title='bbox 1223 2081 1339 2137; x_wconf 84' lang='lat' dir='ltr'>eutem</span> 
     </span>
     <span class='ocr_line' id='line_1_23' title="bbox 383 2148 1337 2233; baseline 0 -18"><span class='ocrx_word' id='word_1_161' title='bbox 383 2148 449 2215; x_wconf 87' lang='lat' dir='ltr'>ltoc</span> <span class='ocrx_word' id='word_1_162' title='bbox 476 2169 666 2218; x_wconf 84' lang='lat' dir='ltr'>sermonum</span> <span class='ocrx_word' id='word_1_163' title='bbox 695 2152 837 2233; x_wconf 88' lang='lat' dir='ltr'>positum</span> <span class='ocrx_word' id='word_1_164' title='bbox 858 2153 892 2216; x_wconf 89' lang='lat' dir='ltr'>in</span> <span class='ocrx_word' id='word_1_165' title='bbox 918 2151 1086 2217; x_wconf 88' lang='lat' dir='ltr'>hominum</span> <span class='ocrx_word' id='word_1_166' title='bbox 1104 2160 1255 2217; x_wconf 82' lang='lat' dir='ltr'>veterum</span> <span class='ocrx_word' id='word_1_167' title='bbox 1276 2170 1337 2215; x_wconf 88' lang='grc' dir='ltr'>ιιιι-</span> 
     </span>
     <span class='ocr_line' id='line_1_24' title="bbox 383 2232 1338 2319; baseline 0.002 -22"><span class='ocrx_word' id='word_1_168' title='bbox 383 2233 535 2298; x_wconf 82' lang='lat' dir='ltr'>ctoritate</span> <span class='ocrx_word' id='word_1_169' title='bbox 556 2242 590 2297; x_wconf 87' lang='lat' dir='ltr'>et</span> <span class='ocrx_word' id='word_1_170' title='bbox 611 2252 724 2299; x_wconf 87' lang='lat' dir='ltr'>eorum</span> <span class='ocrx_word' id='word_1_171' title='bbox 745 2233 918 2302; x_wconf 80' lang='lat' dir='ltr'>illustrium</span> <span class='ocrx_word' id='word_1_172' title='bbox 937 2232 1013 2318; x_wconf 88' lang='lat' dir='ltr'>plus</span> <span class='ocrx_word' id='word_1_173' title='bbox 1027 2235 1141 2301; x_wconf 90' lang='lat' dir='ltr'>nescio</span> <span class='ocrx_word' id='word_1_174' title='bbox 1155 2254 1219 2319; x_wconf 88' lang='lat' dir='ltr'>quo</span> <span class='ocrx_word' id='word_1_175' title='bbox 1233 2244 1338 2317; x_wconf 81' lang='lat' dir='ltr'>poeto</span> 
     </span>
     <span class='ocr_line' id='line_1_25' title="bbox 384 2312 1338 2403; baseline 0.003 -25"><span class='ocrx_word' id='word_1_176' title='bbox 384 2315 516 2380; x_wconf 87' lang='lat' dir='ltr'>videtur</span> <span class='ocrx_word' id='word_1_177' title='bbox 535 2312 662 2382; x_wconf 81' lang='lat' dir='ltr'>hahere</span> <span class='ocrx_word' id='word_1_178' title='bbox 682 2318 872 2400; x_wconf 78' lang='lat' dir='ltr'>gravitatis3</span> <span class='ocrx_word' id='word_1_179' title='bbox 898 2318 1007 2403; x_wconf 82' lang='lat' dir='ltr'>itaque</span> <span class='ocrx_word' id='word_1_180' title='bbox 1028 2318 1102 2401; x_wconf 90' lang='lat' dir='ltr'>ipse</span> <span class='ocrx_word' id='word_1_181' title='bbox 1121 2335 1196 2384; x_wconf 81' lang='lat' dir='ltr'>mea</span> <span class='ocrx_word' id='word_1_182' title='bbox 1214 2314 1338 2401; x_wconf 71' lang='lat' dir='ltr'>legens</span> 
     </span>
     <span class='ocr_line' id='line_1_26' title="bbox 381 2378 1400 2484; baseline 0 -20"><span class='ocrx_word' id='word_1_183' title='bbox 381 2397 433 2464; x_wconf 88' lang='lat' dir='ltr'>sic</span> <span class='ocrx_word' id='word_1_184' title='bbox 453 2397 583 2464; x_wconf 83' lang='lat' dir='ltr'>officior</span> <span class='ocrx_word' id='word_1_185' title='bbox 603 2399 778 2477; x_wconf 84' lang='lat' dir='ltr'>interdum,</span> <span class='ocrx_word' id='word_1_186' title='bbox 798 2411 835 2464; x_wconf 91' lang='lat' dir='ltr'>ut</span> <span class='ocrx_word' id='word_1_187' title='bbox 855 2399 1033 2479; x_wconf 80' lang='lat' dir='ltr'>Catonem,</span> <span class='ocrx_word' id='word_1_188' title='bbox 1054 2419 1123 2466; x_wconf 83' lang='lat' dir='ltr'>non</span> <span class='ocrx_word' id='word_1_189' title='bbox 1142 2419 1215 2479; x_wconf 87' lang='lat' dir='ltr'>me,</span> <span class='ocrx_word' id='word_1_190' title='bbox 1243 2399 1338 2484; x_wconf 88' lang='lat' dir='ltr'>loqui</span> <span class='ocrx_word' id='word_1_191' title='bbox 1399 2378 1400 2449; x_wconf 77' lang='lat' dir='ltr'>l</span> 
     </span>
     <span class='ocr_line' id='line_1_27' title="bbox 321 2479 1338 2550; baseline 0.001 -5"><span class='ocrx_word' id='word_1_192' title='bbox 321 2481 343 2545; x_wconf 78' lang='lat' dir='ltr'>t</span> <span class='ocrx_word' id='word_1_193' title='bbox 384 2479 577 2548; x_wconf 87' lang='lat' dir='ltr'>existimem.</span> <span class='ocrx_word' id='word_1_194' title='bbox 618 2481 686 2548; x_wconf 89' lang='lat' dir='ltr'>Sed</span> <span class='ocrx_word' id='word_1_195' title='bbox 716 2493 752 2547; x_wconf 90' lang='grc' dir='ltr'>ιιι</span> <span class='ocrx_word' id='word_1_196' title='bbox 780 2491 847 2547; x_wconf 88' lang='lat' dir='ltr'>tum</span> <span class='ocrx_word' id='word_1_197' title='bbox 875 2483 920 2546; x_wconf 80' lang='lat' dir='ltr'>orl</span> <span class='ocrx_word' id='word_1_198' title='bbox 949 2503 1065 2550; x_wconf 87' lang='lat' dir='ltr'>senem</span> <span class='ocrx_word' id='word_1_199' title='bbox 1091 2501 1196 2548; x_wconf 83' lang='lat' dir='ltr'>senex</span> <span class='ocrx_word' id='word_1_200' title='bbox 1216 2481 1262 2548; x_wconf 87' lang='lat' dir='ltr'>de</span> <span class='ocrx_word' id='word_1_201' title='bbox 1282 2502 1338 2546; x_wconf 86' lang='lat' dir='ltr'>se·</span> 
     </span>
     <span class='ocr_line' id='line_1_28' title="bbox 382 2563 1338 2647; baseline 0 -19"><span class='ocrx_word' id='word_1_202' title='bbox 382 2573 527 2642; x_wconf 86' lang='lat' dir='ltr'>nectute,</span> <span class='ocrx_word' id='word_1_203' title='bbox 539 2563 588 2629; x_wconf 89' lang='lat' dir='ltr'>sic</span> <span class='ocrx_word' id='word_1_204' title='bbox 601 2563 666 2630; x_wconf 90' lang='lat' dir='ltr'>hoc</span> <span class='ocrx_word' id='word_1_205' title='bbox 679 2563 765 2630; x_wconf 89' lang='lat' dir='ltr'>libro</span> <span class='ocrx_word' id='word_1_206' title='bbox 780 2565 823 2627; x_wconf 85' lang='lat' dir='ltr'>ad</span> <span class='ocrx_word' id='word_1_207' title='bbox 834 2566 974 2630; x_wconf 80' lang='lat' dir='ltr'>enricum</span> <span class='ocrx_word' id='word_1_208' title='bbox 984 2565 1201 2632; x_wconf 77' lang='lat' dir='ltr'>amicissimus</span> <span class='ocrx_word' id='word_1_209' title='bbox 1214 2563 1338 2647; x_wconf 83' lang='lat' dir='ltr'>scripsi</span> 
     </span>
     <span class='ocr_line' id='line_1_29' title="bbox 384 2647 1337 2730; baseline 0.002 -20"><span class='ocrx_word' id='word_1_210' title='bbox 384 2649 428 2712; x_wconf 89' lang='lat' dir='ltr'>de</span> <span class='ocrx_word' id='word_1_211' title='bbox 448 2649 607 2712; x_wconf 78' lang='lat' dir='ltr'>amicitia:</span> <span class='ocrx_word' id='word_1_212' title='bbox 630 2656 697 2712; x_wconf 90' lang='lat' dir='ltr'>tum</span> <span class='ocrx_word' id='word_1_213' title='bbox 720 2659 771 2710; x_wconf 90' lang='lat' dir='ltr'>est</span> <span class='ocrx_word' id='word_1_214' title='bbox 785 2647 869 2712; x_wconf 83' lang='lat' dir='ltr'>Ceto</span> <span class='ocrx_word' id='word_1_215' title='bbox 889 2647 1033 2726; x_wconf 89' lang='lat' dir='ltr'>locutus,</span> <span class='ocrx_word' id='word_1_216' title='bbox 1052 2667 1119 2730; x_wconf 86' lang='lat' dir='ltr'>quo</span> <span class='ocrx_word' id='word_1_217' title='bbox 1143 2658 1216 2712; x_wconf 83' lang='lat' dir='ltr'>erat</span> <span class='ocrx_word' id='word_1_218' title='bbox 1234 2667 1337 2712; x_wconf 90' lang='lat' dir='ltr'>nemo</span> 
     </span>
     <span class='ocr_line' id='line_1_30' title="bbox 383 2727 1337 2830; baseline 0.002 -38"><span class='ocrx_word' id='word_1_219' title='bbox 383 2727 457 2794; x_wconf 81' lang='lat' dir='ltr'>iere</span> <span class='ocrx_word' id='word_1_220' title='bbox 471 2729 583 2794; x_wconf 90' lang='lat' dir='ltr'>senior</span> <span class='ocrx_word' id='word_1_221' title='bbox 594 2732 797 2830; x_wconf 86' lang='lat' dir='ltr'>temporibus</span> <span class='ocrx_word' id='word_1_222' title='bbox 810 2729 889 2808; x_wconf 82' lang='lat' dir='ltr'>illis,</span> <span class='ocrx_word' id='word_1_223' title='bbox 902 2751 999 2796; x_wconf 88' lang='lat' dir='ltr'>nemo</span> <span class='ocrx_word' id='word_1_224' title='bbox 1014 2730 1224 2813; x_wconf 83' lang='lat' dir='ltr'>prudentior;</span> <span class='ocrx_word' id='word_1_225' title='bbox 1245 2750 1337 2794; x_wconf 87' lang='lat' dir='ltr'>nunc</span> 
     </span>
     <span class='ocr_line' id='line_1_31' title="bbox 383 2809 1337 2894; baseline 0.001 -19"><span class='ocrx_word' id='word_1_226' title='bbox 383 2809 518 2875; x_wconf 77' lang='lat' dir='ltr'>Laelius</span> <span class='ocrx_word' id='word_1_227' title='bbox 547 2820 581 2876; x_wconf 88' lang='lat' dir='ltr'>et</span> <span class='ocrx_word' id='word_1_228' title='bbox 601 2831 738 2894; x_wconf 76' lang='lat' dir='ltr'>sapiens</span> <span class='ocrx_word' id='word_1_229' title='bbox 759 2845 798 2856; x_wconf 88' lang='lat'><em>-</em></span> <span class='ocrx_word' id='word_1_230' title='bbox 826 2813 877 2877; x_wconf 88' lang='lat' dir='ltr'>sio</span> <span class='ocrx_word' id='word_1_231' title='bbox 903 2813 990 2878; x_wconf 88' lang='lat' dir='ltr'>enim</span> <span class='ocrx_word' id='word_1_232' title='bbox 1011 2821 1064 2878; x_wconf 87' lang='lat' dir='ltr'>est</span> <span class='ocrx_word' id='word_1_233' title='bbox 1083 2810 1214 2876; x_wconf 74' lang='lat' dir='ltr'>habitus</span> <span class='ocrx_word' id='word_1_234' title='bbox 1236 2844 1277 2855; x_wconf 86' lang='lat'><em>-</em></span> <span class='ocrx_word' id='word_1_235' title='bbox 1302 2823 1337 2876; x_wconf 90' lang='lat' dir='ltr'>et</span> 
     </span>
     <span class='ocr_line' id='line_1_32' title="bbox 384 2889 1338 2979; baseline 0.002 -23"><span class='ocrx_word' id='word_1_236' title='bbox 384 2892 545 2956; x_wconf 77' lang='lat' dir='ltr'>amicitiae</span> <span class='ocrx_word' id='word_1_237' title='bbox 560 2891 667 2973; x_wconf 76' lang='lat' dir='ltr'>gloria</span> <span class='ocrx_word' id='word_1_238' title='bbox 681 2889 853 2958; x_wconf 81' lang='lat' dir='ltr'>excellens</span> <span class='ocrx_word' id='word_1_239' title='bbox 867 2895 909 2958; x_wconf 88' lang='lat' dir='ltr'>de</span> <span class='ocrx_word' id='word_1_240' title='bbox 923 2893 1065 2959; x_wconf 78' lang='lat' dir='ltr'>amicitie</span> <span class='ocrx_word' id='word_1_241' title='bbox 1084 2891 1247 2979; x_wconf 85' lang='lat' dir='ltr'>loquetur.</span> <span class='ocrx_word' id='word_1_242' title='bbox 1284 2894 1338 2958; x_wconf 89' lang='grc' dir='ltr'>Τιι</span> 
     </span>
     <span class='ocr_line' id='line_1_33' title="bbox 383 2972 1337 3060; baseline 0.003 -23"><span class='ocrx_word' id='word_1_243' title='bbox 383 2972 483 3038; x_wconf 89' lang='lat' dir='ltr'>velim</span> <span class='ocrx_word' id='word_1_244' title='bbox 512 2993 534 3038; x_wconf 83' lang='grc' dir='ltr'>ιι</span> <span class='ocrx_word' id='word_1_245' title='bbox 560 2995 614 3040; x_wconf 88' lang='lat' dir='ltr'>me</span> <span class='ocrx_word' id='word_1_246' title='bbox 640 2975 784 3040; x_wconf 85' lang='lat' dir='ltr'>nninmm</span> <span class='ocrx_word' id='word_1_247' title='bbox 808 2996 985 3060; x_wconf 75' lang='lat' dir='ltr'>parumper</span> <span class='ocrx_word' id='word_1_248' title='bbox 1004 2986 1158 3054; x_wconf 77' lang='lat' dir='ltr'>avertes,</span> <span class='ocrx_word' id='word_1_249' title='bbox 1183 2974 1337 3040; x_wconf 78' lang='lat' dir='ltr'>Laelium</span> 
     </span>
     <span class='ocr_line' id='line_1_34' title="bbox 382 3053 1336 3140; baseline 0.002 -20"><span class='ocrx_word' id='word_1_250' title='bbox 382 3053 475 3140; x_wconf 89' lang='lat' dir='ltr'>loqui</span> <span class='ocrx_word' id='word_1_251' title='bbox 501 3057 608 3140; x_wconf 87' lang='lat' dir='ltr'>ipsum</span> <span class='ocrx_word' id='word_1_252' title='bbox 638 3067 745 3140; x_wconf 87' lang='lat' dir='ltr'>putes.</span> <span class='ocrx_word' id='word_1_253' title='bbox 787 3057 824 3123; x_wconf 79' lang='lat' dir='ltr'>C.</span> <span class='ocrx_word' id='word_1_254' title='bbox 843 3059 986 3124; x_wconf 78' lang='lat' dir='ltr'>Fannius</span> <span class='ocrx_word' id='word_1_255' title='bbox 1014 3068 1049 3124; x_wconf 88' lang='lat' dir='ltr'>et</span> <span class='ocrx_word' id='word_1_256' title='bbox 1069 3059 1111 3134; x_wconf 82' lang='lat' dir='ltr'>Q.</span> <span class='ocrx_word' id='word_1_257' title='bbox 1130 3058 1260 3126; x_wconf 83' lang='lat' dir='ltr'>Mucius</span> <span class='ocrx_word' id='word_1_258' title='bbox 1290 3059 1336 3122; x_wconf 83' lang='lat' dir='ltr'>ed</span> 
     </span>
     <span class='ocr_line' id='line_1_35' title="bbox 383 3138 1336 3223; baseline 0.005 -22"><span class='ocrx_word' id='word_1_259' title='bbox 383 3158 536 3203; x_wconf 87' lang='lat' dir='ltr'>socerum</span> <span class='ocrx_word' id='word_1_260' title='bbox 564 3142 698 3203; x_wconf 88' lang='lat' dir='ltr'>veniunt</span> <span class='ocrx_word' id='word_1_261' title='bbox 727 3151 969 3223; x_wconf 83' lang='lat' dir='ltr'>postmortem</span> <span class='ocrx_word' id='word_1_262' title='bbox 999 3139 1165 3206; x_wconf 83' lang='lat' dir='ltr'>Africani:</span> <span class='ocrx_word' id='word_1_263' title='bbox 1199 3141 1243 3204; x_wconf 81' lang='lat' dir='ltr'>eb</span> <span class='ocrx_word' id='word_1_264' title='bbox 1281 3138 1336 3206; x_wconf 84' lang='lat' dir='ltr'>his</span> 
     </span>
     <span class='ocr_line' id='line_1_36' title="bbox 382 3221 1336 3305; baseline 0.001 -19"><span class='ocrx_word' id='word_1_265' title='bbox 382 3239 493 3286; x_wconf 84' lang='lat' dir='ltr'>sermo</span> <span class='ocrx_word' id='word_1_266' title='bbox 515 3221 630 3300; x_wconf 89' lang='lat' dir='ltr'>oritur,</span> <span class='ocrx_word' id='word_1_267' title='bbox 649 3222 832 3305; x_wconf 85' lang='lat' dir='ltr'>respondet</span> <span class='ocrx_word' id='word_1_268' title='bbox 851 3223 997 3302; x_wconf 80' lang='lat' dir='ltr'>Laelius,</span> <span class='ocrx_word' id='word_1_269' title='bbox 1017 3224 1110 3288; x_wconf 86' lang='lat' dir='ltr'>cuius</span> <span class='ocrx_word' id='word_1_270' title='bbox 1130 3233 1201 3287; x_wconf 77' lang='lat' dir='ltr'>totu</span> <span class='ocrx_word' id='word_1_271' title='bbox 1221 3223 1336 3305; x_wconf 87' lang='lat' dir='ltr'>dispu-</span> 
     </span>
     <span class='ocr_line' id='line_1_37' title="bbox 384 3303 1338 3390; baseline -0.002 -22"><span class='ocrx_word' id='word_1_272' title='bbox 384 3303 463 3370; x_wconf 79' lang='lat' dir='ltr'>tatio</span> <span class='ocrx_word' id='word_1_273' title='bbox 476 3311 528 3366; x_wconf 89' lang='lat' dir='ltr'>est</span> <span class='ocrx_word' id='word_1_274' title='bbox 537 3304 740 3382; x_wconf 79' lang='lat' dir='ltr'>deamicitia,</span> <span class='ocrx_word' id='word_1_275' title='bbox 749 3305 886 3390; x_wconf 81' lang='lat' dir='ltr'>qnanrle</span> <span class='ocrx_word' id='word_1_276' title='bbox 911 3327 972 3370; x_wconf 92' lang='lat' dir='ltr'>ens</span> <span class='ocrx_word' id='word_1_277' title='bbox 982 3317 1015 3372; x_wconf 88' lang='lat' dir='ltr'>te</span> <span class='ocrx_word' id='word_1_278' title='bbox 1024 3304 1126 3389; x_wconf 72' lang='lat' dir='ltr'>ipse²i</span> <span class='ocrx_word' id='word_1_279' title='bbox 1135 3325 1338 3388; x_wconf 79' lang='lat' dir='ltr'>cognosces.</span> 
     </span>
     <span class='ocr_line' id='line_1_38' title="bbox 464 3327 1334 3466; baseline 0.005 -16"><span class='ocrx_word' id='word_1_280' title='bbox 464 3385 637 3454; x_wconf 61' lang='lat' dir='ltr'>an&#39;ttttts.</span> <span class='ocrx_word' id='word_1_281' title='bbox 680 3387 765 3454; x_wconf 88' lang='lat' dir='ltr'>Sunt</span> <span class='ocrx_word' id='word_1_282' title='bbox 784 3389 861 3466; x_wconf 77' lang='lat' dir='ltr'>istu,</span> <span class='ocrx_word' id='word_1_283' title='bbox 881 3327 991 3454; x_wconf 63' lang='lat' dir='ltr'>laeli:</span> <span class='ocrx_word' id='word_1_284' title='bbox 1017 3407 1080 3454; x_wconf 89' lang='lat' dir='ltr'>nec</span> <span class='ocrx_word' id='word_1_285' title='bbox 1106 3389 1193 3455; x_wconf 88' lang='lat' dir='ltr'>enim</span> <span class='ocrx_word' id='word_1_286' title='bbox 1212 3385 1334 3454; x_wconf 75' lang='lat' dir='ltr'>melior</span> 
     </span>
     <span class='ocr_line' id='line_1_39' title="bbox 382 3465 1335 3557; baseline 0 -23"><span class='ocrx_word' id='word_1_287' title='bbox 382 3467 434 3534; x_wconf 88' lang='lat' dir='ltr'>vir</span> <span class='ocrx_word' id='word_1_288' title='bbox 455 3465 516 3531; x_wconf 81' lang='lat' dir='ltr'>luit</span> <span class='ocrx_word' id='word_1_289' title='bbox 536 3467 695 3534; x_wconf 86' lang='lat' dir='ltr'>Aii·icnno</span> <span class='ocrx_word' id='word_1_290' title='bbox 717 3470 887 3557; x_wconf 80' lang='lat' dir='ltr'>quisquam</span> <span class='ocrx_word' id='word_1_291' title='bbox 908 3491 972 3536; x_wconf 90' lang='lat' dir='ltr'>nec</span> <span class='ocrx_word' id='word_1_292' title='bbox 991 3468 1121 3537; x_wconf 75' lang='lat' dir='ltr'>clarior.</span> <span class='ocrx_word' id='word_1_293' title='bbox 1163 3470 1234 3536; x_wconf 70' lang='lat' dir='ltr'>sed</span> <span class='ocrx_word' id='word_1_294' title='bbox 1263 3472 1335 3536; x_wconf 73' lang='lat' dir='ltr'>exi·</span> 
     </span>
     <span class='ocr_line' id='line_1_40' title="bbox 382 3550 1336 3619; baseline 0.004 -5"><span class='ocrx_word' id='word_1_295' title='bbox 382 3550 517 3616; x_wconf 86' lang='lat' dir='ltr'>stimare</span> <span class='ocrx_word' id='word_1_296' title='bbox 538 3550 642 3615; x_wconf 87' lang='lat' dir='ltr'>debes</span> <span class='ocrx_word' id='word_1_297' title='bbox 664 3553 807 3618; x_wconf 89' lang='lat' dir='ltr'>omnium</span> <span class='ocrx_word' id='word_1_298' title='bbox 821 3551 937 3618; x_wconf 89' lang='lat' dir='ltr'>oculos</span> <span class='ocrx_word' id='word_1_299' title='bbox 957 3555 991 3618; x_wconf 90' lang='lat' dir='ltr'>in</span> <span class='ocrx_word' id='word_1_300' title='bbox 1011 3564 1046 3617; x_wconf 90' lang='lat' dir='ltr'>te</span> <span class='ocrx_word' id='word_1_301' title='bbox 1064 3572 1142 3618; x_wconf 86' lang='lat' dir='ltr'>esse</span> <span class='ocrx_word' id='word_1_302' title='bbox 1162 3555 1336 3619; x_wconf 84' lang='lat' dir='ltr'>coniectos</span> 
     </span>
    </p>
   </div>
   <div class='ocr_carea' id='block_1_5' title="bbox 382 3634 1336 3784">
    <p class='ocr_par' dir='ltr' id='par_1_6' title="bbox 382 3634 1336 3784">
     <span class='ocr_line' id='line_1_41' title="bbox 382 3634 1336 3784; baseline 0.003 -90"><span class='ocrx_word' id='word_1_303' title='bbox 382 3653 498 3698; x_wconf 86' lang='lat' dir='ltr'>unum:</span> <span class='ocrx_word' id='word_1_304' title='bbox 531 3641 564 3698; x_wconf 91' lang='lat' dir='ltr'>te</span> <span class='ocrx_word' id='word_1_305' title='bbox 597 3634 780 3716; x_wconf 80' lang='lat' dir='ltr'>sapientem</span> <span class='ocrx_word' id='word_1_306' title='bbox 812 3646 846 3700; x_wconf 92' lang='lat' dir='ltr'>et</span> <span class='ocrx_word' id='word_1_307' title='bbox 876 3635 1046 3784; x_wconf 61' lang='lat' dir='ltr'>appellent</span> <span class='ocrx_word' id='word_1_308' title='bbox 1074 3646 1108 3698; x_wconf 88' lang='lat' dir='ltr'>et</span> <span class='ocrx_word' id='word_1_309' title='bbox 1135 3636 1336 3699; x_wconf 78' lang='lat' dir='ltr'>existiment.</span> 
     </span>
    </p>
   </div>
   <div class='ocr_carea' id='block_1_6' title="bbox 380 3715 1337 4114">
    <p class='ocr_par' dir='ltr' id='par_1_7' title="bbox 380 3715 1337 4114">
     <span class='ocr_line' id='line_1_42' title="bbox 383 3715 1335 3795; baseline -0.002 -13"><span class='ocrx_word' id='word_1_310' title='bbox 383 3715 602 3782; x_wconf 81' lang='lat' dir='ltr'>Tribuebatur</span> <span class='ocrx_word' id='word_1_311' title='bbox 621 3715 687 3782; x_wconf 90' lang='lat' dir='ltr'>hoc</span> <span class='ocrx_word' id='word_1_312' title='bbox 707 3718 807 3782; x_wconf 86' lang='lat' dir='ltr'>modo</span> <span class='ocrx_word' id='word_1_313' title='bbox 828 3716 874 3781; x_wconf 88' lang='grc' dir='ltr'>Μ.</span> <span class='ocrx_word' id='word_1_314' title='bbox 944 3719 1031 3795; x_wconf 86' lang='grc' dir='ltr'>ιοιιῑ,</span> <span class='ocrx_word' id='word_1_315' title='bbox 1057 3717 1180 3783; x_wconf 87' lang='lat' dir='ltr'>scimus</span> <span class='ocrx_word' id='word_1_316' title='bbox 1199 3717 1239 3780; x_wconf 89' lang='lat' dir='ltr'>L.</span> <span class='ocrx_word' id='word_1_317' title='bbox 1261 3717 1335 3782; x_wconf 82' lang='lat' dir='ltr'>Ati-</span> 
     </span>
     <span class='ocr_line' id='line_1_43' title="bbox 380 3795 1336 3884; baseline -0.001 -23"><span class='ocrx_word' id='word_1_318' title='bbox 380 3795 459 3862; x_wconf 89' lang='lat' dir='ltr'>lium</span> <span class='ocrx_word' id='word_1_319' title='bbox 480 3797 569 3879; x_wconf 83' lang='lat' dir='ltr'>epud</span> <span class='ocrx_word' id='word_1_320' title='bbox 590 3808 703 3880; x_wconf 82' lang='lat' dir='ltr'>petros</span> <span class='ocrx_word' id='word_1_321' title='bbox 724 3811 860 3865; x_wconf 83' lang='lat' dir='ltr'>nostros</span> <span class='ocrx_word' id='word_1_322' title='bbox 880 3800 1083 3884; x_wconf 79' lang='lat' dir='ltr'>appellatum</span> <span class='ocrx_word' id='word_1_323' title='bbox 1104 3817 1181 3863; x_wconf 85' lang='lat' dir='ltr'>esse</span> <span class='ocrx_word' id='word_1_324' title='bbox 1201 3801 1336 3882; x_wconf 78' lang='lat' dir='ltr'>sepien-</span> 
     </span>
     <span class='ocr_line' id='line_1_44' title="bbox 381 3879 1337 3967; baseline 0.002 -25"><span class='ocrx_word' id='word_1_325' title='bbox 381 3889 459 3956; x_wconf 88' lang='lat' dir='ltr'>tem,</span> <span class='ocrx_word' id='word_1_326' title='bbox 481 3880 544 3944; x_wconf 85' lang='lat' dir='ltr'>sed</span> <span class='ocrx_word' id='word_1_327' title='bbox 555 3891 694 3966; x_wconf 85' lang='lat' dir='ltr'>uterque</span> <span class='ocrx_word' id='word_1_328' title='bbox 714 3881 780 3946; x_wconf 85' lang='lat' dir='ltr'>elio</span> <span class='ocrx_word' id='word_1_329' title='bbox 795 3882 938 3967; x_wconf 84' lang='lat' dir='ltr'>quodem</span> <span class='ocrx_word' id='word_1_330' title='bbox 960 3883 1075 3948; x_wconf 80' lang='lat' dir='ltr'>modo:</span> <span class='ocrx_word' id='word_1_331' title='bbox 1101 3879 1234 3959; x_wconf 86' lang='lat' dir='ltr'>Atilius,</span> <span class='ocrx_word' id='word_1_332' title='bbox 1254 3879 1337 3963; x_wconf 77' lang='lat' dir='ltr'>quia</span> 
     </span>
     <span class='ocr_line' id='line_1_45' title="bbox 381 3961 1337 4048; baseline 0.005 -25"><span class='ocrx_word' id='word_1_333' title='bbox 381 3961 528 4043; x_wconf 88' lang='lat' dir='ltr'>prudens</span> <span class='ocrx_word' id='word_1_334' title='bbox 550 3979 627 4027; x_wconf 89' lang='lat' dir='ltr'>esse</span> <span class='ocrx_word' id='word_1_335' title='bbox 648 3966 681 4026; x_wconf 91' lang='lat' dir='ltr'>in</span> <span class='ocrx_word' id='word_1_336' title='bbox 702 3965 773 4028; x_wconf 89' lang='lat' dir='ltr'>iure</span> <span class='ocrx_word' id='word_1_337' title='bbox 793 3963 882 4030; x_wconf 87' lang='lat' dir='ltr'>civili</span> <span class='ocrx_word' id='word_1_338' title='bbox 902 3965 1095 4048; x_wconf 82' lang='lat' dir='ltr'>putubatur,</span> <span class='ocrx_word' id='word_1_339' title='bbox 1124 3961 1227 4042; x_wconf 83' lang='lat' dir='ltr'>Ceto,</span> <span class='ocrx_word' id='word_1_340' title='bbox 1256 3966 1337 4047; x_wconf 80' lang='lat' dir='ltr'>quie</span> 
     </span>
     <span class='ocr_line' id='line_1_46' title="bbox 381 4040 1336 4114; baseline 0.006 -8"><span class='ocrx_word' id='word_1_341' title='bbox 381 4040 556 4108; x_wconf 76' lang='lat' dir='ltr'>multarum</span> <span class='ocrx_word' id='word_1_342' title='bbox 577 4064 686 4110; x_wconf 88' lang='lat' dir='ltr'>rerum</span> <span class='ocrx_word' id='word_1_343' title='bbox 708 4067 803 4112; x_wconf 88' lang='lat' dir='ltr'>usum</span> <span class='ocrx_word' id='word_1_344' title='bbox 825 4045 987 4114; x_wconf 78' lang='lat' dir='ltr'>habebut:</span> <span class='ocrx_word' id='word_1_345' title='bbox 1017 4045 1214 4112; x_wconf 79' lang='lat' dir='ltr'>multocius</span> <span class='ocrx_word' id='word_1_346' title='bbox 1239 4057 1274 4111; x_wconf 90' lang='lat' dir='ltr'>et</span> <span class='ocrx_word' id='word_1_347' title='bbox 1301 4049 1336 4112; x_wconf 86' lang='lat' dir='ltr'>in</span> 
     </span>
    </p>
   </div>
   <div class='ocr_carea' id='block_1_7' title="bbox 377 4233 1336 4374">
    <p class='ocr_par' dir='ltr' id='par_1_8' title="bbox 377 4233 1336 4374">
     <span class='ocr_line' id='line_1_47' title="bbox 445 4233 1336 4311; baseline 0.006 -24"><span class='ocrx_word' id='word_1_348' title='bbox 445 4235 476 4302; x_wconf 88' lang='lat'>1)</span> <span class='ocrx_word' id='word_1_349' title='bbox 495 4233 762 4290; x_wconf 60' lang='lat' dir='ltr'>distortuosum</span> <span class='ocrx_word' id='word_1_350' title='bbox 779 4237 873 4297; x_wconf 67' lang='lat' dir='ltr'>Madv.</span> <span class='ocrx_word' id='word_1_351' title='bbox 892 4269 926 4283; x_wconf 90' lang='lat'>-·</span> <span class='ocrx_word' id='word_1_352' title='bbox 943 4240 974 4309; x_wconf 79' lang='lat'>2)</span> <span class='ocrx_word' id='word_1_353' title='bbox 992 4247 1023 4295; x_wconf 82' lang='lat' dir='ltr'>tn</span> <span class='ocrx_word' id='word_1_354' title='bbox 1048 4247 1077 4294; x_wconf 80' lang='lat' dir='ltr'>te</span> <span class='ocrx_word' id='word_1_355' title='bbox 1094 4243 1158 4311; x_wconf 75' lang='lat' dir='ltr'>ipre</span> <span class='ocrx_word' id='word_1_356' title='bbox 1174 4238 1282 4304; x_wconf 59' lang='lat' dir='ltr'>Klotz,</span> <span class='ocrx_word' id='word_1_357' title='bbox 1305 4244 1336 4292; x_wconf 81' lang='lat' dir='ltr'>te</span> 
     </span>
     <span class='ocr_line' id='line_1_48' title="bbox 377 4302 760 4374; baseline 0.003 -18"><span class='ocrx_word' id='word_1_358' title='bbox 377 4303 475 4374; x_wconf 73' lang='lat' dir='ltr'>ipsum</span> <span class='ocrx_word' id='word_1_359' title='bbox 498 4303 598 4357; x_wconf 77' lang='lat' dir='ltr'>omisso</span> <span class='ocrx_word' id='word_1_360' title='bbox 618 4310 647 4358; x_wconf 85' lang='lat' dir='ltr'>tu</span> <span class='ocrx_word' id='word_1_361' title='bbox 665 4302 760 4357; x_wconf 75' lang='lat' dir='ltr'>itote.</span> 
     </span>
    </p>
   </div>
   <div class='ocr_carea' id='block_1_8' title="bbox 0 0 1416 4725">
    <p class='ocr_par' dir='ltr' id='par_1_9' title="bbox 0 0 1416 4725">
     <span class='ocr_line' id='line_1_49' title="bbox 0 0 1416 4725; baseline 0 0"><span class='ocrx_word' id='word_1_362' title='bbox 0 0 1416 4725; x_wconf 95' lang='lat' dir='ltr'> </span> 
     </span>
    </p>
   </div>
  </div>
 </body>
</html>
