2817 4725
267 226 333 294 DE
358 224 616 295 AMICITIA.
660 226 757 297 cat’.
784 232 821 297 ll,
997 226 1021 304 ³

73 402 185 462 senatu
214 402 249 463 et
269 394 303 459 in
331 388 406 460 loro
427 390 483 461 vel
507 397 643 479 prouisa
664 392 846 483 prmlenter
864 395 922 467 vel
942 407 1018 467 tots

72 486 259 543 constanter
285 475 341 543 vel
373 496 538 561 response
567 490 663 545 aoute
690 480 901 558 serebantur3
937 501 1015 567 pro·

73 572 183 645 pterea
210 560 309 647 quasi
331 564 602 644 cognomentum
624 563 769 630 habebut
787 566 822 629 tn
843 574 1015 629 senectute

72 644 233 727 sapientis.
276 642 328 707 Te
356 652 466 707 autem
490 642 558 710 ullo
579 646 723 731 quodam
749 647 851 711 modo
870 666 938 711 non
958 666 1014 711 so

73 724 134 789 lum
147 736 264 790 natura
279 733 314 789 et
326 726 491 806 moribus,
513 746 625 792 verum
648 729 748 794 etlam
769 729 879 794 studio
899 740 934 793 et
953 729 1014 794 ‹Io-

72 810 171 872 otrina
186 826 263 872 esse
276 808 460 891 sapientem
470 828 533 873 neo
553 813 638 875 siout
650 810 783 897 vulgus,
803 812 864 877 set
883 822 919 877 ut
940 830 1013 877 eru·

73 892 127 954 oliti
146 889 253 957 solent
272 888 446 973 appellare
466 892 659 975 sapientem,
680 892 812 981 qualem
830 894 865 959 in
885 892 1013 981 reliqua

73 974 240 1051 Graecie¹l
261 973 423 1037 neminem
451 1006 490 1019 -—
518 994 596 1039 num
622 976 676 1061 qui
697 986 826 1061 septem
841 976 1011 1061 appellen·
1051 970 1074 1033 7

74 1064 144 1133 tur,
164 1074 220 1119 eos
239 1056 290 1141 qui
309 1056 374 1119 iste
395 1056 546 1122 subtiIius
566 1068 727 1143 quaerunt
746 1062 780 1123 in
800 1079 938 1123 numero
958 1078 1012 1123 sa·

77 1136 225 1221 plautium
243 1156 306 1201 non
327 1136 452 1203 habent
465 1170 523 1216 -,
543 1140 685 1205 Athenis
704 1160 804 1206 unum
825 1142 1014 1245 accepimus

74 1228 107 1282 et
127 1238 197 1284 eum
217 1220 345 1304 quidem
372 1223 469 1285 etlam
490 1221 656 1307 Apollinis
677 1223 815 1289 orooulo
840 1224 1014 1308 sapientis-

72 1302 182 1366 simum
202 1304 389 1383 iudicatum,
409 1302 496 1370 hano
517 1324 596 1372 esse
615 1307 648 1371 ln
669 1317 703 1371 te
727 1309 922 1390 sapientiam
944 1307 1012 1370 exl-

72 1384 209 1464 stimunt‚
228 1396 266 1451 ut
286 1388 396 1451 omnia
415 1396 472 1449 tua
492 1386 525 1453 in
547 1398 581 1452 te
600 1390 710 1471 posita
730 1408 808 1454 esse
829 1391 933 1456 aneas
953 1388 1013 1453 hu·

71 1486 246 1552 manusque
272 1486 374 1537 casus
399 1472 520 1536 ulrtute
547 1468 724 1539 interiores
750 1483 859 1557 putes.
899 1472 945 1537 lta
968 1490 1012 1536 ue

71 1569 109 1613 ex
134 1569 187 1615 me
209 1557 396 1637 quaerunt,
433 1555 536 1619 oredo
565 1572 608 1618 ex
635 1554 700 1621 hoo
728 1558 807 1621 item
833 1556 964 1621 Seuero
978 1574 1011 1633 a,

70 1652 202 1715 quonam
216 1645 318 1718 porto
331 1644 469 1701 mortem
484 1634 632 1703 Africani
646 1637 750 1716 feras,
771 1657 878 1725 eoque
890 1641 1010 1721 magis,

71 1716 152 1799 quoti
177 1714 231 1782 his
252 1719 411 1803 proximis
432 1720 537 1784 Notus
564 1740 638 1786 oum
658 1722 692 1787 iu
714 1720 830 1787 honos
854 1720 897 1788 Ι).
915 1722 1010 1786 Bruti

69 1800 193 1883 auguris
222 1800 465 1867 commentandi
486 1822 623 1881 enasse,
643 1814 680 1867 ut
700 1804 840 1883 assolet,
860 1806 1009 1869 venisse·

69 1902 144 1961 mus,
170 1891 208 1946 tu
228 1904 295 1947 non
318 1883 450 1964 affuisti,
471 1885 525 1967 qui
547 1883 798 1970 diligentissime
818 1908 951 1973 semper
970 1885 1008 1953 il·

69 1962 126 2029 lum
146 1966 235 2030 diem
256 1977 291 2031 et
309 1966 391 2031 illud
412 1986 529 2032 munus
550 1967 668 2034 solitus
690 1990 786 2035 esses
807 1972 910 2035 obire.

141 2050 348 2119 Scaevola.
393 2048 563 2122 Quaerunt
575 2053 719 2137 quidem,
733 2052 771 2118 C.
787 2052 891 2133 Laeli,
905 2049 1009 2131 multi,
1048 2042 1071 2109 8

68 2140 98 2194 ut
123 2141 171 2196 est
198 2152 221 2197 a
243 2132 369 2197 Fannio
390 2134 531 2211 dictum,
560 2136 621 2199 sed
650 2156 715 2220 ego
743 2136 777 2201 iri
806 2136 1008 2220 respondeo,

69 2215 147 2297 quod
172 2216 413 2295 animadverti,
442 2224 476 2281 te
505 2216 653 2283 dolorem
660 2264 672 2295 ,
708 2238 806 2305 quem
835 2219 1007 2302 aeoeperis

70 2316 136 2360 rum
154 2300 270 2364 sommi
296 2299 358 2364 viri
387 2307 453 2363 tum
476 2302 662 2366 emIcissimi
687 2314 806 2381 morte,
827 2300 917 2367 ferre
938 2320 1007 2366 mo·

69 2379 181 2446 deraret
204 2401 270 2448 neo
283 2383 433 2466 potuIsse
447 2403 513 2448 non
529 2388 742 2463 commoveri,
762 2407 826 2450 neo
846 2385 951 2450 luisse
971 2383 1007 2447 id

68 2459 268 2530 immanitatis
289 2479 385 2541 tuae3
406 2467 495 2550 quod
517 2477 625 2532 autem
647 2467 699 2531 his
709 2469 737 2542 2)
758 2469 863 2532 Nonis
882 2470 915 2532 iu
938 2465 1007 2531 ool·

66 2543 144 2628 legio
156 2557 274 2612 nostro
287 2567 355 2612 non
369 2547 532 2627 attonsos,
546 2550 768 2616 valetudinem
781 2549 970 2635 respondeo
977 2547 1006 2628 ⁸)

66 2649 222 2708 caussam,
241 2649 309 2694 nou
331 2633 527 2697 moestitiam
549 2631 663 2698 luisse.

142 2713 310 2783 Lalluvs.
341 2715 447 2782 lleote
459 2725 494 2779 tu
508 2717 651 2800 quidem,
665 2714 843 2794 Scaevola,
861 2722 895 2779 et
908 2731 1006 2778 vera:

64 2813 121 2858 neo
141 2796 227 2860 enim
256 2798 300 2860 ab
327 2797 392 2862 isto
413 2795 542 2876 officio,
571 2802 658 2883 quod
689 2819 822 2882 semper
848 2796 1007 2881 usurpavi

65 2897 129 2940 mm
147 2877 316 2956 valerem,
335 2881 454 2945 abduci
475 2883 682 2947 incommodo
703 2902 778 2947 meo
799 2882 916 2959 debui,
942 2899 1006 2944 neo

65 2959 123 3024 ullo
143 2981 227 3026 casu
241 2963 384 3027 arbitror
404 2961 469 3029 hoo
483 2967 646 3029 constanti
660 2964 783 3030 homini
803 2983 907 3048 posse
927 2982 1005 3029 oon·

64 3043 194 3126 tingere,
214 3055 253 3108 nt
271 3043 341 3108 ullo
360 3047 558 3112 intermissio
580 3047 638 3112 fiat
658 3047 770 3113 ollioil.
813 3047 865 3111 'l'o
884 3056 1005 3120 autem,
1045 3050 1068 3114 9

63 3125 167 3206 Fanni,
188 3127 280 3212 quod
301 3126 379 3192 mihi
399 3139 523 3194 tuntum
545 3131 642 3196 tribui
655 3131 751 3210 dieis,
771 3141 927 3214 quantum
941 3147 1006 3212 ego

63 3227 120 3271 rreo
146 3229 296 3296 agnosco
329 3231 393 3276 neo
420 3212 575 3297 postulo,
603 3211 688 3278 Iaois
709 3216 831 3288 amioe;
859 3211 942 3287 sed,
970 3218 1007 3273 ut

63 3289 133 3356 milri
161 3293 305 3371 videris,
333 3313 400 3357 non
429 3306 521 3360 reete
547 3296 673 3360 iudicas
708 3297 751 3360 ale
778 3293 921 3360 Catone:
949 3302 1008 3356 aut

63 3376 143 3437 entim
161 3395 273 3455 nemo,
293 3377 382 3460 quoti
396 3379 526 3463 quidem
540 3380 647 3462 magis
661 3379 775 3457 oredo,
796 3387 853 3441 out
871 3379 900 3440 si
920 3377 1007 3462 quis-

63 3473 166 3536 quam,
190 3457 247 3523 ssle
269 3459 405 3604 replens
425 3457 495 3524 luit.
538 3463 611 3534 Quo
633 3463 753 3540 modo,
772 3459 895 3524 utalia
915 3459 1007 3524 omit·

63 3547 293 3617 tammonem
333 3539 366 3606 lii
387 3539 476 3608 tulit!
506 3545 718 3608 memineram
731 3541 894 3619 Paullum,
914 3541 1006 3605 virle

61 3639 125 3684 rum
146 3622 296 3700 Gallum3
318 3623 380 3688 sed
401 3622 434 3690 Iri
455 3628 487 3690 in
511 3627 632 3708 pueris,
652 3626 738 3691 Cato
751 3627 785 3690 in
799 3623 950 3708 perlecto
973 3632 1006 3687 et

62 3715 205 3784 spectato
225 3709 309 3772 uiro.
345 3705 567 3780 Quamobrem
583 3729 667 3775 eave
682 3709 800 3774 Catoni
821 3718 1006 3791 anteponas
1049 3710 1090 3774 10

62 3789 215 3854 aristam
236 3791 369 3874 quidem
390 3792 509 3873 Ipsum,
530 3811 625 3876 quem
648 3790 785 3876 Apollo,
805 3801 842 3854 ut
862 3793 930 3866 als,
950 3807 1004 3851 sa·

64 3871 291 3948 pientissimum
317 3871 491 3938 indicavit:
531 3873 626 3938 liuius
656 3877 743 3940 θιιὶιιι
775 3872 885 3951 sueta,
918 3870 1007 3935 illius

62 3951 142 4017 dieta
161 3954 348 4021 laudantur.
390 3955 442 4020 De
463 3977 515 4022 me
538 3967 658 4038 nutenn,
680 3967 716 4021 ut
737 3960 801 4021 lom
822 3977 897 4020 eum
917 3963 1005 4017 utro·

64 4036 270 4123 «proloquar,
290 4039 341 4104 sio
362 4035 528 4105 habetote.

63 4153 254 4177 *Qu—-

126 4229 155 4298 Ι)
175 4231 300 4290 Graerla
318 4233 430 4305 reliqua
450 4235 543 4290 Illerrlv.
556 4265 586 4276 -
605 4238 634 4307 ⁸2)
651 4237 696 4294 M,
716 4236 799 4290 omitt,
820 4233 913 4292 Mffltf,
926 4263 960 4274 -
977 4233 1007 4300 3)

66 4299 216 4366 vementes
234 4319 288 4358 om.
308 4301 390 4360 illota
410 4315 437 4357 rt
454 4305 547 4358 rtntv.
