<?xml version="1.0" encoding="UTF-8"?>
<!DOCTYPE html PUBLIC "-//W3C//DTD XHTML 1.0 Transitional//EN"
    "http://www.w3.org/TR/xhtml1/DTD/xhtml1-transitional.dtd">
<html xmlns="http://www.w3.org/1999/xhtml" xml:lang="en" lang="en">
 <head>
  <title>
</title>
<meta http-equiv="Content-Type" content="text/html;charset=utf-8" />
  <meta name='ocr-system' content='tesseract 3.04.00' />
  <meta name='ocr-capabilities' content='ocr_page ocr_carea ocr_par ocr_line ocrx_word'/>
</head>
<body>
  <div class='ocr_page' id='page_1' title='image "./mtulliiciceroni00seyfgoog_0024.png"; bbox 0 0 2817 4725; ppageno 0'>
   <div class='ocr_carea' id='block_1_1' title="bbox 297 374 349 441">
    <p class='ocr_par' dir='ltr' id='par_1_1' title="bbox 297 374 349 441">
     <span class='ocr_line' id='line_1_1' title="bbox 297 374 349 441; baseline -0.019 -1"><span class='ocrx_word' id='word_1_1' title='bbox 297 374 349 441; x_wconf 90' lang='lat' dir='ltr'><strong>lll.</strong></span> 
     </span>
    </p>
   </div>
   <div class='ocr_carea' id='block_1_2' title="bbox 311 1198 347 1264">
    <p class='ocr_par' dir='ltr' id='par_1_2' title="bbox 311 1198 347 1264">
     <span class='ocr_line' id='line_1_2' title="bbox 311 1198 347 1264; baseline 0.028 -1"><span class='ocrx_word' id='word_1_2' title='bbox 311 1198 347 1264; x_wconf 93' lang='lat' dir='ltr'><strong>ll</strong></span> 
     </span>
    </p>
   </div>
   <div class='ocr_carea' id='block_1_3' title="bbox 386 207 1024 285">
    <p class='ocr_par' dir='ltr' id='par_1_3' title="bbox 386 207 1024 285">
     <span class='ocr_line' id='line_1_3' title="bbox 386 207 1024 285; baseline -0.009 0"><span class='ocrx_word' id='word_1_3' title='bbox 386 208 410 285; x_wconf 72' lang='lat'><em>4</em></span> <span class='ocrx_word' id='word_1_4' title='bbox 706 207 1024 279; x_wconf 70' lang='lat' dir='ltr'>MELIUS</span> 
     </span>
    </p>
   </div>
   <div class='ocr_carea' id='block_1_4' title="bbox 389 372 1348 2035">
    <p class='ocr_par' dir='ltr' id='par_1_4' title="bbox 389 372 1348 2035">
     <span class='ocr_line' id='line_1_4' title="bbox 474 372 1348 462; baseline 0.005 -22"><span class='ocrx_word' id='word_1_5' title='bbox 474 372 546 459; x_wconf 72' lang='lat' dir='ltr'><strong>Ego</strong></span> <span class='ocrx_word' id='word_1_6' title='bbox 568 374 597 441; x_wconf 81' lang='lat' dir='ltr'><strong>si</strong></span> <span class='ocrx_word' id='word_1_7' title='bbox 618 374 783 461; x_wconf 71' lang='lat' dir='ltr'><strong>Scipioni·</strong></span> <span class='ocrx_word' id='word_1_8' title='bbox 803 374 970 446; x_wconf 65' lang='lat' dir='ltr'><strong>uallem</strong></span> <span class='ocrx_word' id='word_1_9' title='bbox 990 392 1045 443; x_wconf 87' lang='lat' dir='ltr'><strong>me</strong></span> <span class='ocrx_word' id='word_1_10' title='bbox 1063 374 1193 445; x_wconf 67' lang='lat' dir='ltr'><strong>novet</strong></span> <span class='ocrx_word' id='word_1_11' title='bbox 1210 394 1348 462; x_wconf 68' lang='lat' dir='ltr'><strong>negem,</strong></span> 
     </span>
     <span class='ocr_line' id='line_1_5' title="bbox 389 456 1347 543; baseline 0.004 -20"><span class='ocrx_word' id='word_1_12' title='bbox 389 476 487 543; x_wconf 88' lang='lat' dir='ltr'><strong>quam</strong></span> <span class='ocrx_word' id='word_1_13' title='bbox 501 460 535 523; x_wconf 87' lang='lat' dir='ltr'><strong>id</strong></span> <span class='ocrx_word' id='word_1_14' title='bbox 548 468 641 527; x_wconf 86' lang='lat' dir='ltr'><strong>recte</strong></span> <span class='ocrx_word' id='word_1_15' title='bbox 655 456 787 537; x_wconf 80' lang='lat' dir='ltr'><strong>faciam,</strong></span> <span class='ocrx_word' id='word_1_16' title='bbox 800 458 943 526; x_wconf 85' lang='lat' dir='ltr'><strong>viderint</strong></span> <span class='ocrx_word' id='word_1_17' title='bbox 955 459 1146 543; x_wconf 59' lang='lat' dir='ltr'><strong>eapientem</strong></span> <span class='ocrx_word' id='word_1_18' title='bbox 1166 460 1231 527; x_wconf 79' lang='lat' dir='ltr'><strong>sad</strong></span> <span class='ocrx_word' id='word_1_19' title='bbox 1250 472 1347 527; x_wconf 83' lang='lat' dir='ltr'><strong>carte</strong></span> 
     </span>
     <span class='ocr_line' id='line_1_6' title="bbox 389 540 1348 627; baseline 0.002 -20"><span class='ocrx_word' id='word_1_20' title='bbox 389 541 538 609; x_wconf 81' lang='lat' dir='ltr'><strong>mentiar.</strong></span> <span class='ocrx_word' id='word_1_21' title='bbox 579 540 721 609; x_wconf 76' lang='lat' dir='ltr'><strong>Moveor</strong></span> <span class='ocrx_word' id='word_1_22' title='bbox 741 543 828 609; x_wconf 90' lang='lat' dir='ltr'><strong>enim</strong></span> <span class='ocrx_word' id='word_1_23' title='bbox 848 540 908 609; x_wconf 88' lang='lat' dir='ltr'><strong>tali</strong></span> <span class='ocrx_word' id='word_1_24' title='bbox 927 543 1034 609; x_wconf 84' lang='lat' dir='ltr'><strong>amico</strong></span> <span class='ocrx_word' id='word_1_25' title='bbox 1054 542 1204 622; x_wconf 83' lang='lat' dir='ltr'><strong>orbatae,</strong></span> <span class='ocrx_word' id='word_1_26' title='bbox 1224 540 1348 627; x_wconf 55' lang='lat' dir='ltr'><strong>amssa</strong></span> 
     </span>
     <span class='ocr_line' id='line_1_7' title="bbox 390 622 1346 711; baseline 0.002 -22"><span class='ocrx_word' id='word_1_27' title='bbox 390 633 427 689; x_wconf 88' lang='grc' dir='ltr'><strong>ιιι</strong></span> <span class='ocrx_word' id='word_1_28' title='bbox 445 624 601 707; x_wconf 79' lang='lat' dir='ltr'><strong>arbitror,</strong></span> <span class='ocrx_word' id='word_1_29' title='bbox 620 644 719 691; x_wconf 88' lang='lat' dir='ltr'><strong>nemo</strong></span> <span class='ocrx_word' id='word_1_30' title='bbox 739 640 884 711; x_wconf 87' lang='lat' dir='ltr'><strong>unquam</strong></span> <span class='ocrx_word' id='word_1_31' title='bbox 904 626 979 705; x_wconf 81' lang='lat' dir='ltr'><strong>erit,</strong></span> <span class='ocrx_word' id='word_1_32' title='bbox 998 633 1035 690; x_wconf 91' lang='lat' dir='ltr'><strong>ut</strong></span> <span class='ocrx_word' id='word_1_33' title='bbox 1047 622 1247 691; x_wconf 80' lang='lat' dir='ltr'><strong>confirmare</strong></span> <span class='ocrx_word' id='word_1_34' title='bbox 1265 645 1346 710; x_wconf 81' lang='lat' dir='ltr'><strong>pos·</strong></span> 
     </span>
     <span class='ocr_line' id='line_1_8' title="bbox 391 705 1347 791; baseline 0.004 -20"><span class='ocrx_word' id='word_1_35' title='bbox 391 724 477 786; x_wconf 84' lang='lat' dir='ltr'><strong>sum,</strong></span> <span class='ocrx_word' id='word_1_36' title='bbox 497 726 595 773; x_wconf 88' lang='lat' dir='ltr'><strong>nemo</strong></span> <span class='ocrx_word' id='word_1_37' title='bbox 616 717 708 775; x_wconf 86' lang='lat' dir='ltr'><strong>uerte</strong></span> <span class='ocrx_word' id='word_1_38' title='bbox 728 705 807 786; x_wconf 68' lang='grc' dir='ltr'>ιἰἰις</span> <span class='ocrx_word' id='word_1_39' title='bbox 827 708 890 773; x_wconf 81' lang='lat' dir='ltr'><strong>aed</strong></span> <span class='ocrx_word' id='word_1_40' title='bbox 909 726 978 773; x_wconf 92' lang='lat' dir='ltr'><strong>non</strong></span> <span class='ocrx_word' id='word_1_41' title='bbox 990 725 1077 791; x_wconf 73' lang='lat' dir='ltr'><strong>egeo</strong></span> <span class='ocrx_word' id='word_1_42' title='bbox 1090 707 1269 773; x_wconf 74' lang='lat' dir='ltr'><strong>medicina:</strong></span> <span class='ocrx_word' id='word_1_43' title='bbox 1291 726 1347 777; x_wconf 84' lang='lat' dir='ltr'><strong>me</strong></span> 
     </span>
     <span class='ocr_line' id='line_1_9' title="bbox 390 788 1347 874; baseline 0.002 -21"><span class='ocrx_word' id='word_1_44' title='bbox 390 788 465 873; x_wconf 87' lang='lat' dir='ltr'><strong>ipsc</strong></span> <span class='ocrx_word' id='word_1_45' title='bbox 485 788 642 857; x_wconf 78' lang='lat' dir='ltr'><strong>consolor</strong></span> <span class='ocrx_word' id='word_1_46' title='bbox 663 801 697 856; x_wconf 87' lang='lat' dir='ltr'><strong>et</strong></span> <span class='ocrx_word' id='word_1_47' title='bbox 716 790 859 857; x_wconf 80' lang='lat' dir='ltr'><strong>maxime</strong></span> <span class='ocrx_word' id='word_1_48' title='bbox 877 788 936 857; x_wconf 91' lang='lat' dir='ltr'><strong>illo</strong></span> <span class='ocrx_word' id='word_1_49' title='bbox 956 788 1094 869; x_wconf 82' lang='lat' dir='ltr'><strong>solatio,</strong></span> <span class='ocrx_word' id='word_1_50' title='bbox 1119 790 1210 874; x_wconf 79' lang='lat' dir='ltr'><strong>quoa</strong></span> <span class='ocrx_word' id='word_1_51' title='bbox 1230 808 1274 857; x_wconf 87' lang='lat' dir='ltr'><strong>eo</strong></span> <span class='ocrx_word' id='word_1_52' title='bbox 1294 810 1347 855; x_wconf 78' lang='lat' dir='ltr'><strong>ee-</strong></span> 
     </span>
     <span class='ocr_line' id='line_1_10' title="bbox 391 871 1346 1021; baseline 0.002 -84"><span class='ocrx_word' id='word_1_53' title='bbox 391 890 470 937; x_wconf 85' lang='lat' dir='ltr'><strong>rora</strong></span> <span class='ocrx_word' id='word_1_54' title='bbox 491 890 610 949; x_wconf 82' lang='lat' dir='ltr'><strong>careo,</strong></span> <span class='ocrx_word' id='word_1_55' title='bbox 639 892 705 957; x_wconf 87' lang='lat' dir='ltr'><strong>quo</strong></span> <span class='ocrx_word' id='word_1_56' title='bbox 732 874 912 940; x_wconf 81' lang='lat' dir='ltr'><strong>amicorum</strong></span> <span class='ocrx_word' id='word_1_57' title='bbox 932 873 1076 943; x_wconf 75' lang='lat' dir='ltr'><strong>decessu</strong></span> <span class='ocrx_word' id='word_1_58' title='bbox 1095 871 1247 975; x_wconf 68' lang='lat' dir='ltr'><strong>plerique</strong></span> <span class='ocrx_word' id='word_1_59' title='bbox 1265 874 1346 1021; x_wconf 59' lang='lat' dir='ltr'><strong>unffi</strong></span> 
     </span>
     <span class='ocr_line' id='line_1_11' title="bbox 391 950 1345 1039; baseline 0.003 -21"><span class='ocrx_word' id='word_1_60' title='bbox 391 950 512 1021; x_wconf 84' lang='lat' dir='ltr'><strong>solent.</strong></span> <span class='ocrx_word' id='word_1_61' title='bbox 560 952 649 1021; x_wconf 87' lang='lat' dir='ltr'><strong>Nihil</strong></span> <span class='ocrx_word' id='word_1_62' title='bbox 669 954 755 1021; x_wconf 84' lang='lat' dir='ltr'><strong>mali</strong></span> <span class='ocrx_word' id='word_1_63' title='bbox 775 957 939 1023; x_wconf 79' lang='lat' dir='ltr'><strong>accidisse</strong></span> <span class='ocrx_word' id='word_1_64' title='bbox 967 956 1115 1039; x_wconf 80' lang='lat' dir='ltr'><strong>Scipioni</strong></span> <span class='ocrx_word' id='word_1_65' title='bbox 1141 965 1240 1039; x_wconf 87' lang='lat' dir='ltr'><strong>puto,</strong></span> <span class='ocrx_word' id='word_1_66' title='bbox 1265 957 1309 1021; x_wconf 77' lang='grc' dir='ltr'>ιιι·</span> <span class='ocrx_word' id='word_1_67' title='bbox 1335 955 1345 975; x_wconf 80' lang='lat'><em>⁶</em></span> 
     </span>
     <span class='ocr_line' id='line_1_12' title="bbox 391 1038 1346 1124; baseline 0 -21"><span class='ocrx_word' id='word_1_68' title='bbox 391 1038 522 1116; x_wconf 83' lang='lat' dir='ltr'><strong>accidit,</strong></span> <span class='ocrx_word' id='word_1_69' title='bbox 541 1039 571 1105; x_wconf 81' lang='lat' dir='ltr'><strong>ai</strong></span> <span class='ocrx_word' id='word_1_70' title='bbox 584 1039 661 1124; x_wconf 89' lang='lat' dir='ltr'><strong>quid</strong></span> <span class='ocrx_word' id='word_1_71' title='bbox 676 1040 814 1116; x_wconf 62' lang='lat' dir='ltr'><strong>cccliiii</strong></span> <span class='ocrx_word' id='word_1_72' title='bbox 834 1040 905 1105; x_wconf 79' lang='lat' dir='ltr'><strong>suis</strong></span> <span class='ocrx_word' id='word_1_73' title='bbox 916 1048 1027 1105; x_wconf 87' lang='lat' dir='ltr'><strong>autem</strong></span> <span class='ocrx_word' id='word_1_74' title='bbox 1038 1039 1256 1105; x_wconf 74' lang='lat' dir='ltr'><strong>incommodis</strong></span> <span class='ocrx_word' id='word_1_75' title='bbox 1268 1058 1346 1122; x_wconf 73' lang='lat' dir='ltr'><strong>gra·</strong></span> 
     </span>
     <span class='ocr_line' id='line_1_13' title="bbox 390 1120 1346 1290; baseline 0.003 -22"><span class='ocrx_word' id='word_1_76' title='bbox 390 1120 476 1269; x_wconf 77' lang='grc' dir='ltr'><strong>ιιι</strong></span> <span class='ocrx_word' id='word_1_77' title='bbox 495 1122 662 1271; x_wconf 63' lang='lat' dir='ltr'><strong>utun</strong></span> <span class='ocrx_word' id='word_1_78' title='bbox 681 1123 831 1290; x_wconf 66' lang='lat' dir='ltr'><strong>tien</strong></span> <span class='ocrx_word' id='word_1_79' title='bbox 851 1122 1346 1288; x_wconf 67' lang='grc' dir='ltr'>ιιιιιιιιιιιι</span> 
     </span>
     <span class='ocr_line' id='line_1_14' title="bbox 392 1224 1343 1371; baseline 0.002 -22"><span class='ocrx_word' id='word_1_80' title='bbox 392 1286 463 1349; x_wconf 78' lang='lat' dir='ltr'><strong>Nisi</strong></span> <span class='ocrx_word' id='word_1_81' title='bbox 484 1288 588 1366; x_wconf 89' lang='lat' dir='ltr'><strong>enim,</strong></span> <span class='ocrx_word' id='word_1_82' title='bbox 614 1288 703 1371; x_wconf 85' lang='lat' dir='ltr'><strong>quod</strong></span> <span class='ocrx_word' id='word_1_83' title='bbox 724 1285 782 1354; x_wconf 89' lang='lat' dir='ltr'><strong>ille</strong></span> <span class='ocrx_word' id='word_1_84' title='bbox 801 1224 933 1354; x_wconf 51' lang='lat' dir='ltr'><strong>ffiaime</strong></span> <span class='ocrx_word' id='word_1_85' title='bbox 975 1287 1103 1366; x_wconf 84' lang='lat' dir='ltr'><strong>ntabat,</strong></span> <span class='ocrx_word' id='word_1_86' title='bbox 1120 1284 1343 1353; x_wconf 81' lang='lat' dir='ltr'><strong>immortalita-</strong></span> 
     </span>
     <span class='ocr_line' id='line_1_15' title="bbox 392 1308 1345 1466; baseline 0.003 -34"><span class='ocrx_word' id='word_1_87' title='bbox 392 1377 458 1433; x_wconf 88' lang='lat' dir='ltr'><strong>tem</strong></span> <span class='ocrx_word' id='word_1_88' title='bbox 480 1378 596 1466; x_wconf 84' lang='lat' dir='ltr'><strong>optare</strong></span> <span class='ocrx_word' id='word_1_89' title='bbox 616 1367 731 1449; x_wconf 86' lang='lat' dir='ltr'><strong>vellet,</strong></span> <span class='ocrx_word' id='word_1_90' title='bbox 750 1370 829 1455; x_wconf 87' lang='lat' dir='ltr'><strong>quid</strong></span> <span class='ocrx_word' id='word_1_91' title='bbox 848 1388 916 1435; x_wconf 95' lang='lat' dir='ltr'><strong>non</strong></span> <span class='ocrx_word' id='word_1_92' title='bbox 930 1308 1071 1452; x_wconf 72' lang='lat' dir='ltr'><strong>alepino</strong></span> <span class='ocrx_word' id='word_1_93' title='bbox 1089 1378 1155 1449; x_wconf 83' lang='lat' dir='ltr'><strong>est,</strong></span> <span class='ocrx_word' id='word_1_94' title='bbox 1174 1370 1265 1455; x_wconf 84' lang='lat' dir='ltr'><strong>quod</strong></span> <span class='ocrx_word' id='word_1_95' title='bbox 1283 1366 1345 1435; x_wconf 75' lang='lat' dir='ltr'><strong>lao-</strong></span> 
     </span>
     <span class='ocr_line' id='line_1_16' title="bbox 393 1449 1344 1537; baseline 0.002 -22"><span class='ocrx_word' id='word_1_96' title='bbox 393 1452 472 1515; x_wconf 89' lang='lat' dir='ltr'><strong>mini</strong></span> <span class='ocrx_word' id='word_1_97' title='bbox 492 1450 546 1517; x_wconf 90' lang='lat' dir='ltr'><strong>las</strong></span> <span class='ocrx_word' id='word_1_98' title='bbox 566 1462 658 1517; x_wconf 80' lang='lat' dir='ltr'><strong>esset</strong></span> <span class='ocrx_word' id='word_1_99' title='bbox 672 1452 812 1536; x_wconf 71' lang='lat' dir='ltr'><strong>optare?</strong></span> <span class='ocrx_word' id='word_1_100' title='bbox 845 1453 911 1526; x_wconf 86' lang='lat' dir='ltr'><strong>Qui</strong></span> <span class='ocrx_word' id='word_1_101' title='bbox 921 1472 1084 1519; x_wconf 85' lang='lat' dir='ltr'><strong>summam</strong></span> <span class='ocrx_word' id='word_1_102' title='bbox 1096 1472 1194 1537; x_wconf 86' lang='lat' dir='ltr'><strong>spem</strong></span> <span class='ocrx_word' id='word_1_103' title='bbox 1212 1449 1344 1531; x_wconf 86' lang='lat' dir='ltr'><strong>civium,</strong></span> 
     </span>
     <span class='ocr_line' id='line_1_17' title="bbox 393 1533 1344 1619; baseline 0.003 -22"><span class='ocrx_word' id='word_1_104' title='bbox 393 1552 492 1616; x_wconf 75' lang='lat' dir='ltr'><strong>¹quam</strong></span> <span class='ocrx_word' id='word_1_105' title='bbox 513 1534 556 1601; x_wconf 89' lang='lat' dir='ltr'><strong>de</strong></span> <span class='ocrx_word' id='word_1_106' title='bbox 584 1554 625 1600; x_wconf 89' lang='lat' dir='ltr'><strong>ao</strong></span> <span class='ocrx_word' id='word_1_107' title='bbox 646 1534 712 1601; x_wconf 85' lang='lat' dir='ltr'><strong>iam</strong></span> <span class='ocrx_word' id='word_1_108' title='bbox 732 1554 836 1619; x_wconf 86' lang='lat' dir='ltr'><strong>puero</strong></span> <span class='ocrx_word' id='word_1_109' title='bbox 855 1533 1058 1614; x_wconf 82' lang='lat' dir='ltr'><strong>habuerant,</strong></span> <span class='ocrx_word' id='word_1_110' title='bbox 1083 1536 1240 1603; x_wconf 85' lang='lat' dir='ltr'><strong>continuo</strong></span> <span class='ocrx_word' id='word_1_111' title='bbox 1261 1536 1344 1600; x_wconf 85' lang='lat' dir='ltr'><strong>ado·</strong></span> 
     </span>
     <span class='ocr_line' id='line_1_18' title="bbox 392 1612 1344 1765; baseline 0.002 -84"><span class='ocrx_word' id='word_1_112' title='bbox 392 1612 527 1681; x_wconf 72' lang='lat' dir='ltr'><strong>lescens</strong></span> <span class='ocrx_word' id='word_1_113' title='bbox 546 1617 731 1685; x_wconf 75' lang='lat' dir='ltr'><strong>incredibili</strong></span> <span class='ocrx_word' id='word_1_114' title='bbox 757 1620 878 1685; x_wconf 79' lang='lat' dir='ltr'><strong>virtute</strong></span> <span class='ocrx_word' id='word_1_115' title='bbox 896 1619 1085 1702; x_wconf 77' lang='lat' dir='ltr'><strong>superavit3</strong></span> <span class='ocrx_word' id='word_1_116' title='bbox 1110 1620 1166 1765; x_wconf 47' lang='lat' dir='ltr'><strong>qui</strong></span> <span class='ocrx_word' id='word_1_117' title='bbox 1189 1616 1344 1685; x_wconf 77' lang='lat' dir='ltr'><strong>consula·</strong></span> 
     </span>
     <span class='ocr_line' id='line_1_19' title="bbox 393 1700 1344 1788; baseline 0.002 -25"><span class='ocrx_word' id='word_1_118' title='bbox 393 1708 460 1765; x_wconf 90' lang='lat' dir='ltr'><strong>tmn</strong></span> <span class='ocrx_word' id='word_1_119' title='bbox 480 1700 596 1783; x_wconf 86' lang='lat' dir='ltr'><strong>petivit</strong></span> <span class='ocrx_word' id='word_1_120' title='bbox 615 1720 797 1788; x_wconf 85' lang='lat' dir='ltr'><strong>nunquam,</strong></span> <span class='ocrx_word' id='word_1_121' title='bbox 818 1700 928 1769; x_wconf 73' lang='lat' dir='ltr'><strong>lacau</strong></span> <span class='ocrx_word' id='word_1_122' title='bbox 947 1711 1001 1767; x_wconf 89' lang='lat' dir='ltr'><strong>est</strong></span> <span class='ocrx_word' id='word_1_123' title='bbox 1019 1721 1123 1769; x_wconf 77' lang='lat' dir='ltr'><strong>consa</strong></span> <span class='ocrx_word' id='word_1_124' title='bbox 1149 1701 1172 1781; x_wconf 89' lang='lat'><strong>¹)</strong></span> <span class='ocrx_word' id='word_1_125' title='bbox 1193 1702 1259 1779; x_wconf 75' lang='lat' dir='ltr'><strong>tis,</strong></span> <span class='ocrx_word' id='word_1_126' title='bbox 1278 1700 1344 1785; x_wconf 81' lang='lat' dir='ltr'><strong>pri·</strong></span> 
     </span>
     <span class='ocr_line' id='line_1_20' title="bbox 391 1786 1344 1870; baseline 0.004 -25"><span class='ocrx_word' id='word_1_127' title='bbox 391 1802 481 1845; x_wconf 89' lang='lat' dir='ltr'><strong>mum</strong></span> <span class='ocrx_word' id='word_1_128' title='bbox 509 1792 588 1849; x_wconf 86' lang='lat' dir='ltr'><strong>ante</strong></span> <span class='ocrx_word' id='word_1_129' title='bbox 614 1795 761 1870; x_wconf 86' lang='lat' dir='ltr'><strong>tempus,</strong></span> <span class='ocrx_word' id='word_1_130' title='bbox 796 1786 914 1852; x_wconf 84' lang='lat' dir='ltr'><strong>iterum</strong></span> <span class='ocrx_word' id='word_1_131' title='bbox 934 1786 999 1851; x_wconf 76' lang='lat' dir='ltr'><strong>sibi</strong></span> <span class='ocrx_word' id='word_1_132' title='bbox 1017 1804 1080 1850; x_wconf 84' lang='lat' dir='ltr'><strong>suo</strong></span> <span class='ocrx_word' id='word_1_133' title='bbox 1102 1794 1270 1867; x_wconf 82' lang='lat' dir='ltr'><strong>tempore,</strong></span> <span class='ocrx_word' id='word_1_134' title='bbox 1295 1786 1344 1849; x_wconf 83' lang='lat' dir='ltr'><strong>rei</strong></span> 
     </span>
     <span class='ocr_line' id='line_1_21' title="bbox 392 1863 1344 1954; baseline 0.002 -25"><span class='ocrx_word' id='word_1_135' title='bbox 392 1863 544 1947; x_wconf 85' lang='lat' dir='ltr'><strong>publicae</strong></span> <span class='ocrx_word' id='word_1_136' title='bbox 564 1886 673 1949; x_wconf 89' lang='lat' dir='ltr'><strong>paene</strong></span> <span class='ocrx_word' id='word_1_137' title='bbox 693 1888 790 1947; x_wconf 79' lang='lat' dir='ltr'><strong>ser03</strong></span> <span class='ocrx_word' id='word_1_138' title='bbox 818 1870 873 1954; x_wconf 85' lang='lat' dir='ltr'><strong>qui</strong></span> <span class='ocrx_word' id='word_1_139' title='bbox 893 1869 1022 1934; x_wconf 82' lang='lat' dir='ltr'><strong>duabus</strong></span> <span class='ocrx_word' id='word_1_140' title='bbox 1046 1868 1184 1933; x_wconf 84' lang='lat' dir='ltr'><strong>urbibus</strong></span> <span class='ocrx_word' id='word_1_141' title='bbox 1212 1868 1344 1933; x_wconf 85' lang='lat' dir='ltr'><strong>eversis</strong></span> 
     </span>
     <span class='ocr_line' id='line_1_22' title="bbox 392 1948 1344 2035; baseline 0.006 -26"><span class='ocrx_word' id='word_1_142' title='bbox 392 1948 622 2017; x_wconf 82' lang='lat' dir='ltr'><strong>inimicissimis</strong></span> <span class='ocrx_word' id='word_1_143' title='bbox 649 1949 727 2018; x_wconf 89' lang='lat' dir='ltr'><strong>huic</strong></span> <span class='ocrx_word' id='word_1_144' title='bbox 753 1952 893 2035; x_wconf 79' lang='lat' dir='ltr'><strong>imperio</strong></span> <span class='ocrx_word' id='word_1_145' title='bbox 920 1971 989 2019; x_wconf 90' lang='lat' dir='ltr'><strong>non</strong></span> <span class='ocrx_word' id='word_1_146' title='bbox 1013 1950 1114 2017; x_wconf 83' lang='lat' dir='ltr'><strong>modo</strong></span> <span class='ocrx_word' id='word_1_147' title='bbox 1165 1951 1344 2029; x_wconf 61' lang='lat' dir='ltr'><strong>tumentia,</strong></span> 
     </span>
    </p>
   </div>
   <div class='ocr_carea' id='block_1_5' title="bbox 301 2030 1344 2121">
    <p class='ocr_par' dir='ltr' id='par_1_5' title="bbox 301 2030 1344 2121">
     <span class='ocr_line' id='line_1_23' title="bbox 301 2030 1344 2121; baseline 0.005 -28"><span class='ocrx_word' id='word_1_148' title='bbox 301 2104 306 2121; x_wconf 39' lang='grc' dir='ltr'>Ι</span> <span class='ocrx_word' id='word_1_149' title='bbox 391 2048 507 2095; x_wconf 79' lang='lat' dir='ltr'><strong>veiam</strong></span> <span class='ocrx_word' id='word_1_150' title='bbox 528 2036 626 2099; x_wconf 87' lang='lat' dir='ltr'><strong>etiam</strong></span> <span class='ocrx_word' id='word_1_151' title='bbox 646 2030 757 2100; x_wconf 85' lang='lat' dir='ltr'><strong>lutura</strong></span> <span class='ocrx_word' id='word_1_152' title='bbox 777 2032 868 2101; x_wconf 85' lang='lat' dir='ltr'><strong>bello</strong></span> <span class='ocrx_word' id='word_1_153' title='bbox 887 2033 1022 2099; x_wconf 80' lang='lat' dir='ltr'><strong>delevit</strong></span> <span class='ocrx_word' id='word_1_154' title='bbox 1062 2033 1126 2109; x_wconf 86' lang='lat' dir='ltr'><strong>Qui</strong></span> <span class='ocrx_word' id='word_1_155' title='bbox 1169 2032 1280 2099; x_wconf 85' lang='lat' dir='ltr'><strong>(licam</strong></span> <span class='ocrx_word' id='word_1_156' title='bbox 1300 2032 1344 2098; x_wconf 86' lang='lat' dir='ltr'><strong>de</strong></span> 
     </span>
    </p>
   </div>
   <div class='ocr_carea' id='block_1_6' title="bbox 309 2771 349 2835">
    <p class='ocr_par' dir='ltr' id='par_1_6' title="bbox 309 2771 349 2835">
     <span class='ocr_line' id='line_1_24' title="bbox 309 2771 349 2835; baseline 0 0"><span class='ocrx_word' id='word_1_157' title='bbox 309 2771 349 2835; x_wconf 73' lang='lat' dir='ltr'><strong>lu</strong></span> 
     </span>
    </p>
   </div>
   <div class='ocr_carea' id='block_1_7' title="bbox 385 2113 1397 4184">
    <p class='ocr_par' dir='ltr' id='par_1_7' title="bbox 388 2113 1397 3854">
     <span class='ocr_line' id='line_1_25' title="bbox 392 2113 1397 2202; baseline 0.002 -23"><span class='ocrx_word' id='word_1_158' title='bbox 392 2113 538 2179; x_wconf 85' lang='lat' dir='ltr'><strong>motibus</strong></span> <span class='ocrx_word' id='word_1_159' title='bbox 558 2113 740 2197; x_wconf 79' lang='lat' dir='ltr'><strong>facillimis,</strong></span> <span class='ocrx_word' id='word_1_160' title='bbox 762 2118 806 2183; x_wconf 87' lang='lat' dir='ltr'><strong>‹ie</strong></span> <span class='ocrx_word' id='word_1_161' title='bbox 826 2118 950 2202; x_wconf 86' lang='lat' dir='ltr'><strong>pietate</strong></span> <span class='ocrx_word' id='word_1_162' title='bbox 970 2117 1005 2183; x_wconf 90' lang='lat' dir='ltr'><strong>in</strong></span> <span class='ocrx_word' id='word_1_163' title='bbox 1028 2125 1178 2195; x_wconf 82' lang='lat' dir='ltr'><strong>matrem,</strong></span> <span class='ocrx_word' id='word_1_164' title='bbox 1196 2114 1343 2183; x_wconf 82' lang='lat' dir='ltr'><strong>liberali·</strong></span> <span class='ocrx_word' id='word_1_165' title='bbox 1396 2193 1397 2196; x_wconf 8' lang='grc' dir='ltr'><strong>Ἴ</strong></span> 
     </span>
     <span class='ocr_line' id='line_1_26' title="bbox 392 2196 1397 2279; baseline 0.008 -21"><span class='ocrx_word' id='word_1_166' title='bbox 392 2203 460 2260; x_wconf 86' lang='lat' dir='ltr'><strong>tate</strong></span> <span class='ocrx_word' id='word_1_167' title='bbox 480 2196 513 2261; x_wconf 94' lang='lat' dir='ltr'><strong>in</strong></span> <span class='ocrx_word' id='word_1_168' title='bbox 528 2218 676 2279; x_wconf 77' lang='lat' dir='ltr'><strong>sonorae,</strong></span> <span class='ocrx_word' id='word_1_169' title='bbox 697 2202 845 2267; x_wconf 88' lang='lat' dir='ltr'><strong>bonitate</strong></span> <span class='ocrx_word' id='word_1_170' title='bbox 857 2201 890 2265; x_wconf 94' lang='lat' dir='ltr'><strong>in</strong></span> <span class='ocrx_word' id='word_1_171' title='bbox 909 2219 1001 2279; x_wconf 84' lang='lat' dir='ltr'><strong>suos,</strong></span> <span class='ocrx_word' id='word_1_172' title='bbox 1021 2200 1144 2265; x_wconf 82' lang='lat' dir='ltr'><strong>iustitia</strong></span> <span class='ocrx_word' id='word_1_173' title='bbox 1157 2200 1191 2263; x_wconf 91' lang='lat' dir='ltr'><strong>in</strong></span> <span class='ocrx_word' id='word_1_174' title='bbox 1204 2201 1344 2265; x_wconf 73' lang='lat' dir='ltr'><strong>amnesi</strong></span> <span class='ocrx_word' id='word_1_175' title='bbox 1396 2221 1397 2228; x_wconf 51' lang='lat'>¹</span> 
     </span>
     <span class='ocr_line' id='line_1_27' title="bbox 393 2276 1397 2357; baseline 0.008 -15"><span class='ocrx_word' id='word_1_176' title='bbox 393 2276 480 2343; x_wconf 85' lang='lat' dir='ltr'><strong>Nota</strong></span> <span class='ocrx_word' id='word_1_177' title='bbox 501 2291 578 2346; x_wconf 86' lang='lat' dir='ltr'><strong>sunt</strong></span> <span class='ocrx_word' id='word_1_178' title='bbox 598 2283 705 2349; x_wconf 87' lang='lat' dir='ltr'><strong>vobis.</strong></span> <span class='ocrx_word' id='word_1_179' title='bbox 747 2284 856 2357; x_wconf 84' lang='lat' dir='ltr'><strong>Quam</strong></span> <span class='ocrx_word' id='word_1_180' title='bbox 876 2292 987 2349; x_wconf 85' lang='lat' dir='ltr'><strong>autem</strong></span> <span class='ocrx_word' id='word_1_181' title='bbox 1007 2282 1131 2348; x_wconf 85' lang='lat' dir='ltr'><strong>civitati</strong></span> <span class='ocrx_word' id='word_1_182' title='bbox 1151 2302 1251 2347; x_wconf 76' lang='lat' dir='ltr'><strong>canis</strong></span> <span class='ocrx_word' id='word_1_183' title='bbox 1271 2279 1343 2349; x_wconf 84' lang='lat' dir='ltr'><strong>fue·</strong></span> <span class='ocrx_word' id='word_1_184' title='bbox 1396 2313 1397 2318; x_wconf 41' lang='lat'>¹</span> 
     </span>
     <span class='ocr_line' id='line_1_28' title="bbox 392 2361 1345 2451; baseline 0.009 -28"><span class='ocrx_word' id='word_1_185' title='bbox 392 2361 445 2440; x_wconf 86' lang='lat' dir='ltr'><strong>rit,</strong></span> <span class='ocrx_word' id='word_1_186' title='bbox 465 2381 618 2434; x_wconf 76' lang='lat' dir='ltr'><strong>nicanore</strong></span> <span class='ocrx_word' id='word_1_187' title='bbox 644 2363 772 2433; x_wconf 78' lang='lat' dir='ltr'><strong>funeris</strong></span> <span class='ocrx_word' id='word_1_188' title='bbox 792 2367 1005 2444; x_wconf 57' lang='lat' dir='ltr'><strong>iudicamm‘il</strong></span> <span class='ocrx_word' id='word_1_189' title='bbox 1034 2375 1096 2432; x_wconf 83' lang='lat' dir='ltr'><strong>est</strong></span> <span class='ocrx_word' id='word_1_190' title='bbox 1136 2366 1224 2441; x_wconf 86' lang='lat' dir='ltr'><strong>Quid</strong></span> <span class='ocrx_word' id='word_1_191' title='bbox 1245 2367 1345 2451; x_wconf 74' lang='lat' dir='ltr'><strong>igitur</strong></span> 
     </span>
     <span class='ocr_line' id='line_1_29' title="bbox 391 2440 1342 2533; baseline 0.009 -27"><span class='ocrx_word' id='word_1_192' title='bbox 391 2440 479 2510; x_wconf 87' lang='lat' dir='ltr'><strong>hunc</strong></span> <span class='ocrx_word' id='word_1_193' title='bbox 500 2467 679 2530; x_wconf 86' lang='lat' dir='ltr'><strong>paucorum</strong></span> <span class='ocrx_word' id='word_1_194' title='bbox 694 2469 855 2516; x_wconf 87' lang='lat' dir='ltr'><strong>annornm</strong></span> <span class='ocrx_word' id='word_1_195' title='bbox 867 2451 1019 2516; x_wconf 80' lang='lat' dir='ltr'><strong>accessio</strong></span> <span class='ocrx_word' id='word_1_196' title='bbox 1031 2449 1146 2517; x_wconf 83' lang='lat' dir='ltr'><strong>iuvare</strong></span> <span class='ocrx_word' id='word_1_197' title='bbox 1159 2451 1342 2533; x_wconf 67' lang='lat' dir='ltr'><strong>potuissem</strong></span> 
     </span>
     <span class='ocr_line' id='line_1_30' title="bbox 392 2525 1341 2619; baseline 0.007 -28"><span class='ocrx_word' id='word_1_198' title='bbox 392 2525 555 2596; x_wconf 81' lang='lat' dir='ltr'><strong>Senectus</strong></span> <span class='ocrx_word' id='word_1_199' title='bbox 576 2535 662 2600; x_wconf 90' lang='lat' dir='ltr'><strong>enim</strong></span> <span class='ocrx_word' id='word_1_200' title='bbox 683 2533 835 2619; x_wconf 80' lang='lat' dir='ltr'><strong>quamvis</strong></span> <span class='ocrx_word' id='word_1_201' title='bbox 855 2553 923 2600; x_wconf 92' lang='lat' dir='ltr'><strong>non</strong></span> <span class='ocrx_word' id='word_1_202' title='bbox 942 2535 987 2599; x_wconf 85' lang='lat' dir='ltr'><strong>sit</strong></span> <span class='ocrx_word' id='word_1_203' title='bbox 1006 2533 1133 2618; x_wconf 78' lang='lat' dir='ltr'><strong>gravis,</strong></span> <span class='ocrx_word' id='word_1_204' title='bbox 1152 2541 1189 2598; x_wconf 89' lang='lat' dir='ltr'><strong>ut</strong></span> <span class='ocrx_word' id='word_1_205' title='bbox 1209 2533 1341 2598; x_wconf 86' lang='lat' dir='ltr'><strong>memini</strong></span> 
     </span>
     <span class='ocr_line' id='line_1_31' title="bbox 392 2607 1344 2702; baseline 0.005 -28"><span class='ocrx_word' id='word_1_206' title='bbox 392 2607 552 2678; x_wconf 84' lang='lat' dir='ltr'><strong>Catonem</strong></span> <span class='ocrx_word' id='word_1_207' title='bbox 572 2635 660 2683; x_wconf 91' lang='lat' dir='ltr'><strong>anno</strong></span> <span class='ocrx_word' id='word_1_208' title='bbox 688 2627 766 2684; x_wconf 89' lang='lat' dir='ltr'><strong>ante</strong></span> <span class='ocrx_word' id='word_1_209' title='bbox 786 2637 886 2702; x_wconf 86' lang='lat' dir='ltr'><strong>quam</strong></span> <span class='ocrx_word' id='word_1_210' title='bbox 913 2627 966 2682; x_wconf 88' lang='lat' dir='ltr'><strong>est</strong></span> <span class='ocrx_word' id='word_1_211' title='bbox 985 2626 1133 2683; x_wconf 78' lang='lat' dir='ltr'><strong>mortuos</strong></span> <span class='ocrx_word' id='word_1_212' title='bbox 1160 2635 1289 2682; x_wconf 88' lang='lat' dir='ltr'><strong>mecum</strong></span> <span class='ocrx_word' id='word_1_213' title='bbox 1310 2625 1344 2680; x_wconf 88' lang='lat' dir='ltr'><strong>et</strong></span> 
     </span>
     <span class='ocr_line' id='line_1_32' title="bbox 390 2695 1342 2782; baseline 0.005 -25"><span class='ocrx_word' id='word_1_214' title='bbox 390 2713 464 2760; x_wconf 90' lang='lat' dir='ltr'><strong>oum</strong></span> <span class='ocrx_word' id='word_1_215' title='bbox 485 2697 642 2782; x_wconf 83' lang='lat' dir='ltr'><strong>Scipione</strong></span> <span class='ocrx_word' id='word_1_216' title='bbox 663 2701 850 2781; x_wconf 84' lang='lat' dir='ltr'><strong>disserere,</strong></span> <span class='ocrx_word' id='word_1_217' title='bbox 877 2710 988 2766; x_wconf 85' lang='lat' dir='ltr'><strong>tamen</strong></span> <span class='ocrx_word' id='word_1_218' title='bbox 1008 2695 1117 2764; x_wconf 78' lang='lat' dir='ltr'><strong>aufert</strong></span> <span class='ocrx_word' id='word_1_219' title='bbox 1136 2717 1211 2763; x_wconf 90' lang='lat' dir='ltr'><strong>eam</strong></span> <span class='ocrx_word' id='word_1_220' title='bbox 1231 2698 1342 2764; x_wconf 81' lang='lat' dir='ltr'><strong>viridi·</strong></span> 
     </span>
     <span class='ocr_line' id='line_1_33' title="bbox 392 2781 1339 2865; baseline 0.013 -29"><span class='ocrx_word' id='word_1_221' title='bbox 392 2784 503 2856; x_wconf 87' lang='lat' dir='ltr'><strong>tatem,</strong></span> <span class='ocrx_word' id='word_1_222' title='bbox 523 2781 557 2844; x_wconf 88' lang='lat' dir='ltr'><strong>in</strong></span> <span class='ocrx_word' id='word_1_223' title='bbox 578 2801 644 2865; x_wconf 87' lang='lat' dir='ltr'><strong>qua</strong></span> <span class='ocrx_word' id='word_1_224' title='bbox 665 2786 851 2849; x_wconf 82' lang='lat' dir='ltr'><strong>etiamnunc</strong></span> <span class='ocrx_word' id='word_1_225' title='bbox 872 2793 944 2848; x_wconf 80' lang='lat' dir='ltr'><strong>enat</strong></span> <span class='ocrx_word' id='word_1_226' title='bbox 957 2781 1080 2865; x_wconf 83' lang='lat' dir='ltr'><strong>Scipio.</strong></span> <span class='ocrx_word' id='word_1_227' title='bbox 1114 2781 1339 2855; x_wconf 79' lang='lat' dir='ltr'><strong>Quamobrem</strong></span> 
     </span>
     <span class='ocr_line' id='line_1_34' title="bbox 392 2858 1340 2956; baseline 0.008 -36"><span class='ocrx_word' id='word_1_228' title='bbox 392 2858 459 2956; x_wconf 78' lang='lat' dir='ltr'><strong>vita</strong></span> <span class='ocrx_word' id='word_1_229' title='bbox 481 2863 611 2944; x_wconf 88' lang='lat' dir='ltr'><strong>quidem</strong></span> <span class='ocrx_word' id='word_1_230' title='bbox 627 2864 702 2930; x_wconf 83' lang='lat' dir='ltr'><strong>talis</strong></span> <span class='ocrx_word' id='word_1_231' title='bbox 723 2864 783 2931; x_wconf 83' lang='lat' dir='ltr'><strong>fuit</strong></span> <span class='ocrx_word' id='word_1_232' title='bbox 805 2863 860 2930; x_wconf 88' lang='lat' dir='ltr'><strong>vel</strong></span> <span class='ocrx_word' id='word_1_233' title='bbox 874 2863 1007 2930; x_wconf 77' lang='lat' dir='ltr'><strong>lottuna</strong></span> <span class='ocrx_word' id='word_1_234' title='bbox 1026 2864 1083 2930; x_wconf 74' lang='lat' dir='ltr'><strong>vel</strong></span> <span class='ocrx_word' id='word_1_235' title='bbox 1097 2863 1217 2949; x_wconf 79' lang='lat' dir='ltr'><strong>gloria,</strong></span> <span class='ocrx_word' id='word_1_236' title='bbox 1236 2873 1274 2928; x_wconf 88' lang='lat' dir='ltr'><strong>ut</strong></span> <span class='ocrx_word' id='word_1_237' title='bbox 1295 2865 1340 2928; x_wconf 89' lang='lat' dir='ltr'><strong>ui·</strong></span> 
     </span>
     <span class='ocr_line' id='line_1_35' title="bbox 390 2935 1340 3024; baseline 0.011 -23"><span class='ocrx_word' id='word_1_238' title='bbox 390 2935 437 3004; x_wconf 84' lang='lat' dir='ltr'><strong>inl</strong></span> <span class='ocrx_word' id='word_1_239' title='bbox 458 2953 576 3024; x_wconf 83' lang='lat' dir='ltr'><strong>posset</strong></span> <span class='ocrx_word' id='word_1_240' title='bbox 596 2948 777 3019; x_wconf 71' lang='lat' dir='ltr'><strong>accederet</strong></span> <span class='ocrx_word' id='word_1_241' title='bbox 799 2949 960 3014; x_wconf 83' lang='lat' dir='ltr'><strong>moriendi</strong></span> <span class='ocrx_word' id='word_1_242' title='bbox 974 2958 1083 3012; x_wconf 86' lang='lat' dir='ltr'><strong>autem</strong></span> <span class='ocrx_word' id='word_1_243' title='bbox 1096 2967 1232 3012; x_wconf 85' lang='lat' dir='ltr'><strong>sensum</strong></span> <span class='ocrx_word' id='word_1_244' title='bbox 1252 2945 1340 3012; x_wconf 89' lang='lat' dir='ltr'><strong>cele·</strong></span> 
     </span>
     <span class='ocr_line' id='line_1_36' title="bbox 391 3022 1343 3115; baseline 0.009 -30"><span class='ocrx_word' id='word_1_245' title='bbox 391 3022 472 3088; x_wconf 79' lang='lat' dir='ltr'><strong>ritas</strong></span> <span class='ocrx_word' id='word_1_246' title='bbox 494 3025 646 3106; x_wconf 88' lang='lat' dir='ltr'><strong>abstulit;</strong></span> <span class='ocrx_word' id='word_1_247' title='bbox 668 3051 735 3114; x_wconf 86' lang='lat' dir='ltr'><strong>quo</strong></span> <span class='ocrx_word' id='word_1_248' title='bbox 758 3031 801 3096; x_wconf 87' lang='lat' dir='ltr'><strong>de</strong></span> <span class='ocrx_word' id='word_1_249' title='bbox 822 3050 946 3115; x_wconf 78' lang='lat' dir='ltr'><strong>gonaro</strong></span> <span class='ocrx_word' id='word_1_250' title='bbox 967 3031 1082 3096; x_wconf 80' lang='lat' dir='ltr'><strong>mortis</strong></span> <span class='ocrx_word' id='word_1_251' title='bbox 1096 3028 1233 3096; x_wconf 85' lang='lat' dir='ltr'><strong>difficile</strong></span> <span class='ocrx_word' id='word_1_252' title='bbox 1252 3030 1343 3095; x_wconf 81' lang='lat' dir='ltr'><strong>dictu</strong></span> 
     </span>
     <span class='ocr_line' id='line_1_37' title="bbox 391 3109 1343 3198; baseline 0.011 -30"><span class='ocrx_word' id='word_1_253' title='bbox 391 3114 460 3180; x_wconf 80' lang='lat' dir='ltr'><strong>est3</strong></span> <span class='ocrx_word' id='word_1_254' title='bbox 490 3109 568 3193; x_wconf 84' lang='lat' dir='ltr'><strong>quid</strong></span> <span class='ocrx_word' id='word_1_255' title='bbox 589 3109 740 3178; x_wconf 82' lang='lat' dir='ltr'><strong>homines</strong></span> <span class='ocrx_word' id='word_1_256' title='bbox 759 3115 987 3198; x_wconf 70' lang='lat' dir='ltr'><strong>suspicentur,</strong></span> <span class='ocrx_word' id='word_1_257' title='bbox 1008 3114 1145 3188; x_wconf 79' lang='lat' dir='ltr'><strong>videtis3</strong></span> <span class='ocrx_word' id='word_1_258' title='bbox 1174 3111 1240 3178; x_wconf 78' lang='lat' dir='ltr'><strong>noo</strong></span> <span class='ocrx_word' id='word_1_259' title='bbox 1261 3132 1343 3178; x_wconf 83' lang='lat' dir='ltr'><strong>vere</strong></span> 
     </span>
     <span class='ocr_line' id='line_1_38' title="bbox 391 3191 1342 3281; baseline 0.009 -30"><span class='ocrx_word' id='word_1_260' title='bbox 391 3198 500 3254; x_wconf 88' lang='lat' dir='ltr'><strong>tamon</strong></span> <span class='ocrx_word' id='word_1_261' title='bbox 525 3191 604 3259; x_wconf 86' lang='lat' dir='ltr'><strong>licet</strong></span> <span class='ocrx_word' id='word_1_262' title='bbox 633 3191 756 3274; x_wconf 76' lang='lat' dir='ltr'><strong>dicere,</strong></span> <span class='ocrx_word' id='word_1_263' title='bbox 784 3197 820 3262; x_wconf 82' lang='grc' dir='ltr'><strong>Ρ.</strong></span> <span class='ocrx_word' id='word_1_264' title='bbox 841 3198 988 3281; x_wconf 80' lang='lat' dir='ltr'><strong>Scipioni</strong></span> <span class='ocrx_word' id='word_1_265' title='bbox 1015 3216 1060 3260; x_wconf 81' lang='lat' dir='ltr'><strong>ex</strong></span> <span class='ocrx_word' id='word_1_266' title='bbox 1080 3196 1191 3262; x_wconf 75' lang='lat' dir='ltr'><strong>miultis</strong></span> <span class='ocrx_word' id='word_1_267' title='bbox 1211 3195 1342 3273; x_wconf 86' lang='lat' dir='ltr'><strong>diebus,</strong></span> 
     </span>
     <span class='ocr_line' id='line_1_39' title="bbox 391 3275 1343 3415; baseline 0.008 -81"><span class='ocrx_word' id='word_1_268' title='bbox 391 3289 475 3415; x_wconf 54' lang='lat' dir='ltr'><strong>quos</strong></span> <span class='ocrx_word' id='word_1_269' title='bbox 496 3275 529 3338; x_wconf 93' lang='lat' dir='ltr'><strong>in</strong></span> <span class='ocrx_word' id='word_1_270' title='bbox 558 3277 626 3342; x_wconf 88' lang='lat' dir='ltr'><strong>vita</strong></span> <span class='ocrx_word' id='word_1_271' title='bbox 654 3279 891 3346; x_wconf 82' lang='lat' dir='ltr'><strong>celebemimos</strong></span> <span class='ocrx_word' id='word_1_272' title='bbox 918 3277 1184 3362; x_wconf 73' lang='lat' dir='ltr'><strong>helissmiosque</strong></span> <span class='ocrx_word' id='word_1_273' title='bbox 1210 3276 1343 3356; x_wconf 77' lang='lat' dir='ltr'><strong>viderit,</strong></span> 
     </span>
     <span class='ocr_line' id='line_1_40' title="bbox 390 3351 1342 3440; baseline 0.013 -26"><span class='ocrx_word' id='word_1_274' title='bbox 390 3351 480 3418; x_wconf 78' lang='lat' dir='ltr'><strong>ilum</strong></span> <span class='ocrx_word' id='word_1_275' title='bbox 503 3357 589 3422; x_wconf 84' lang='lat' dir='ltr'><strong>diem</strong></span> <span class='ocrx_word' id='word_1_276' title='bbox 604 3359 821 3428; x_wconf 80' lang='lat' dir='ltr'><strong>clarissimum</strong></span> <span class='ocrx_word' id='word_1_277' title='bbox 842 3361 958 3440; x_wconf 78' lang='lat' dir='ltr'><strong>foisse,</strong></span> <span class='ocrx_word' id='word_1_278' title='bbox 977 3383 1054 3426; x_wconf 87' lang='lat' dir='ltr'><strong>cmn</strong></span> <span class='ocrx_word' id='word_1_279' title='bbox 1066 3372 1185 3426; x_wconf 85' lang='lat' dir='ltr'><strong>senatu</strong></span> <span class='ocrx_word' id='word_1_280' title='bbox 1203 3359 1342 3426; x_wconf 74' lang='lat' dir='ltr'><strong>dimisso</strong></span> 
     </span>
     <span class='ocr_line' id='line_1_41' title="bbox 389 3435 1342 3529; baseline 0.009 -32"><span class='ocrx_word' id='word_1_281' title='bbox 389 3435 521 3503; x_wconf 77' lang='lat' dir='ltr'><strong>(lonium</strong></span> <span class='ocrx_word' id='word_1_282' title='bbox 542 3443 699 3508; x_wconf 80' lang='lat' dir='ltr'><strong>reductus</strong></span> <span class='ocrx_word' id='word_1_283' title='bbox 720 3447 764 3510; x_wconf 83' lang='lat' dir='ltr'><strong>ml</strong></span> <span class='ocrx_word' id='word_1_284' title='bbox 786 3465 961 3529; x_wconf 79' lang='lat' dir='ltr'><strong>vesperum</strong></span> <span class='ocrx_word' id='word_1_285' title='bbox 983 3454 1036 3510; x_wconf 75' lang='lat' dir='ltr'><strong>eat</strong></span> <span class='ocrx_word' id='word_1_286' title='bbox 1055 3462 1078 3508; x_wconf 84' lang='lat' dir='ltr'><strong>a</strong></span> <span class='ocrx_word' id='word_1_287' title='bbox 1098 3444 1248 3525; x_wconf 86' lang='lat' dir='ltr'><strong>patribus</strong></span> <span class='ocrx_word' id='word_1_288' title='bbox 1262 3463 1342 3508; x_wconf 92' lang='lat' dir='ltr'><strong>con·</strong></span> 
     </span>
     <span class='ocr_line' id='line_1_42' title="bbox 388 3518 1343 3609; baseline 0.01 -29"><span class='ocrx_word' id='word_1_289' title='bbox 388 3518 531 3602; x_wconf 82' lang='lat' dir='ltr'><strong>scriptis,</strong></span> <span class='ocrx_word' id='word_1_290' title='bbox 553 3523 676 3609; x_wconf 88' lang='lat' dir='ltr'><strong>populo</strong></span> <span class='ocrx_word' id='word_1_291' title='bbox 700 3530 868 3605; x_wconf 86' lang='lat' dir='ltr'><strong>Romano,</strong></span> <span class='ocrx_word' id='word_1_292' title='bbox 888 3527 989 3592; x_wconf 80' lang='lat' dir='ltr'><strong>sociis</strong></span> <span class='ocrx_word' id='word_1_293' title='bbox 1011 3537 1044 3592; x_wconf 87' lang='lat' dir='ltr'><strong>et</strong></span> <span class='ocrx_word' id='word_1_294' title='bbox 1063 3525 1206 3603; x_wconf 85' lang='lat' dir='ltr'><strong>Latinis,</strong></span> <span class='ocrx_word' id='word_1_295' title='bbox 1234 3525 1343 3608; x_wconf 81' lang='lat' dir='ltr'><strong>pridie</strong></span> 
     </span>
     <span class='ocr_line' id='line_1_43' title="bbox 388 3607 1342 3692; baseline 0.009 -29"><span class='ocrx_word' id='word_1_296' title='bbox 388 3619 485 3685; x_wconf 79' lang='lat' dir='ltr'><strong>quain</strong></span> <span class='ocrx_word' id='word_1_297' title='bbox 516 3611 660 3674; x_wconf 81' lang='lat' dir='ltr'><strong>excessit</strong></span> <span class='ocrx_word' id='word_1_298' title='bbox 687 3631 707 3675; x_wconf 89' lang='lat' dir='ltr'><strong>e</strong></span> <span class='ocrx_word' id='word_1_299' title='bbox 735 3612 821 3689; x_wconf 87' lang='lat' dir='ltr'><strong>vita,</strong></span> <span class='ocrx_word' id='word_1_300' title='bbox 850 3622 885 3675; x_wconf 88' lang='lat' dir='ltr'><strong>at</strong></span> <span class='ocrx_word' id='word_1_301' title='bbox 910 3631 952 3674; x_wconf 84' lang='lat' dir='ltr'><strong>ex</strong></span> <span class='ocrx_word' id='word_1_302' title='bbox 983 3619 1049 3674; x_wconf 79' lang='lat' dir='ltr'><strong>ton</strong></span> <span class='ocrx_word' id='word_1_303' title='bbox 1073 3607 1142 3674; x_wconf 87' lang='lat' dir='ltr'><strong>alto</strong></span> <span class='ocrx_word' id='word_1_304' title='bbox 1172 3609 1342 3692; x_wconf 74' lang='lat' dir='ltr'><strong>diguitatis</strong></span> 
     </span>
     <span class='ocr_line' id='line_1_44' title="bbox 388 3685 1342 3778; baseline 0.012 -33"><span class='ocrx_word' id='word_1_305' title='bbox 388 3685 494 3766; x_wconf 76' lang='lat' dir='ltr'><strong>gradu</strong></span> <span class='ocrx_word' id='word_1_306' title='bbox 515 3689 558 3754; x_wconf 84' lang='lat' dir='ltr'><strong>ad</strong></span> <span class='ocrx_word' id='word_1_307' title='bbox 579 3711 722 3775; x_wconf 76' lang='lat' dir='ltr'><strong>superos</strong></span> <span class='ocrx_word' id='word_1_308' title='bbox 744 3694 893 3760; x_wconf 83' lang='lat' dir='ltr'><strong>videatur</strong></span> <span class='ocrx_word' id='word_1_309' title='bbox 914 3694 999 3760; x_wconf 73' lang='lat' dir='ltr'><strong>eleos</strong></span> <span class='ocrx_word' id='word_1_310' title='bbox 1019 3695 1147 3777; x_wconf 79' lang='lat' dir='ltr'><strong>potius,</strong></span> <span class='ocrx_word' id='word_1_311' title='bbox 1176 3711 1274 3778; x_wconf 83' lang='lat' dir='ltr'><strong>quam</strong></span> <span class='ocrx_word' id='word_1_312' title='bbox 1296 3691 1342 3756; x_wconf 89' lang='lat' dir='ltr'><strong>ad</strong></span> 
     </span>
     <span class='ocr_line' id='line_1_45' title="bbox 388 3765 740 3854; baseline 0.034 -24"><span class='ocrx_word' id='word_1_313' title='bbox 388 3765 514 3834; x_wconf 81' lang='lat' dir='ltr'><strong>inferos</strong></span> <span class='ocrx_word' id='word_1_314' title='bbox 535 3778 740 3854; x_wconf 77' lang='lat' dir='ltr'><strong>pervenisse</strong></span> 
     </span>
    </p>

    <p class='ocr_par' dir='ltr' id='par_1_8' title="bbox 385 3853 1342 4184">
     <span class='ocr_line' id='line_1_46' title="bbox 470 3853 1341 3959; baseline 0.005 -43"><span class='ocrx_word' id='word_1_315' title='bbox 470 3853 585 3940; x_wconf 83' lang='lat' dir='ltr'><strong>Neque</strong></span> <span class='ocrx_word' id='word_1_316' title='bbox 607 3860 692 3923; x_wconf 89' lang='lat' dir='ltr'><strong>enim</strong></span> <span class='ocrx_word' id='word_1_317' title='bbox 714 3860 880 3925; x_wconf 84' lang='lat' dir='ltr'><strong>assentior</strong></span> <span class='ocrx_word' id='word_1_318' title='bbox 901 3858 952 3937; x_wconf 84' lang='lat' dir='ltr'><strong>iis,</strong></span> <span class='ocrx_word' id='word_1_319' title='bbox 973 3859 1027 3959; x_wconf 81' lang='lat' dir='ltr'><strong>qui</strong></span> <span class='ocrx_word' id='word_1_320' title='bbox 1049 3857 1133 3924; x_wconf 75' lang='lat' dir='ltr'><strong>liaeo</strong></span> <span class='ocrx_word' id='word_1_321' title='bbox 1147 3875 1252 3940; x_wconf 80' lang='lat' dir='ltr'><strong>nuper</strong></span> <span class='ocrx_word' id='word_1_322' title='bbox 1272 3854 1341 3920; x_wconf 83' lang='lat' dir='ltr'><strong>dis·</strong></span> 
     </span>
     <span class='ocr_line' id='line_1_47' title="bbox 387 3938 1342 4025; baseline 0.009 -29"><span class='ocrx_word' id='word_1_323' title='bbox 387 3953 502 3999; x_wconf 80' lang='lat' dir='ltr'><strong>seuere</strong></span> <span class='ocrx_word' id='word_1_324' title='bbox 530 3953 730 4024; x_wconf 75' lang='lat' dir='ltr'><strong>coeperunt,</strong></span> <span class='ocrx_word' id='word_1_325' title='bbox 758 3965 833 4008; x_wconf 86' lang='lat' dir='ltr'><strong>cum</strong></span> <span class='ocrx_word' id='word_1_326' title='bbox 862 3943 1057 4025; x_wconf 78' lang='lat' dir='ltr'><strong>coi-poribus</strong></span> <span class='ocrx_word' id='word_1_327' title='bbox 1084 3941 1182 4006; x_wconf 77' lang='lat' dir='ltr'><strong>situul</strong></span> <span class='ocrx_word' id='word_1_328' title='bbox 1210 3938 1342 4005; x_wconf 84' lang='lat' dir='ltr'><strong>animos</strong></span> 
     </span>
     <span class='ocr_line' id='line_1_48' title="bbox 387 4015 1341 4108; baseline 0.014 -33"><span class='ocrx_word' id='word_1_329' title='bbox 387 4015 520 4084; x_wconf 80' lang='lat' dir='ltr'><strong>interire</strong></span> <span class='ocrx_word' id='word_1_330' title='bbox 542 4033 640 4108; x_wconf 86' lang='lat' dir='ltr'><strong>atque</strong></span> <span class='ocrx_word' id='word_1_331' title='bbox 662 4028 771 4088; x_wconf 87' lang='lat' dir='ltr'><strong>onmia</strong></span> <span class='ocrx_word' id='word_1_332' title='bbox 792 4037 897 4091; x_wconf 80' lang='lat' dir='ltr'><strong>morte</strong></span> <span class='ocrx_word' id='word_1_333' title='bbox 919 4023 1041 4099; x_wconf 79' lang='lat' dir='ltr'><strong>deleui3</strong></span> <span class='ocrx_word' id='word_1_334' title='bbox 1073 4024 1147 4108; x_wconf 88' lang='lat' dir='ltr'><strong>plus</strong></span> <span class='ocrx_word' id='word_1_335' title='bbox 1175 4022 1265 4106; x_wconf 85' lang='lat' dir='ltr'><strong>apud</strong></span> <span class='ocrx_word' id='word_1_336' title='bbox 1288 4042 1341 4088; x_wconf 89' lang='lat' dir='ltr'><strong>me</strong></span> 
     </span>
     <span class='ocr_line' id='line_1_49' title="bbox 385 4101 1341 4184; baseline 0.012 -25"><span class='ocrx_word' id='word_1_337' title='bbox 385 4101 589 4184; x_wconf 82' lang='lat' dir='ltr'><strong>antiquorum</strong></span> <span class='ocrx_word' id='word_1_338' title='bbox 605 4110 785 4173; x_wconf 79' lang='lat' dir='ltr'><strong>auctoritas</strong></span> <span class='ocrx_word' id='word_1_339' title='bbox 801 4109 889 4174; x_wconf 82' lang='lat' dir='ltr'><strong>valet</strong></span> <span class='ocrx_word' id='word_1_340' title='bbox 902 4107 956 4174; x_wconf 74' lang='lat' dir='ltr'><strong>tel</strong></span> <span class='ocrx_word' id='word_1_341' title='bbox 967 4117 1157 4173; x_wconf 78' lang='lat' dir='ltr'><strong>nostromnt</strong></span> <span class='ocrx_word' id='word_1_342' title='bbox 1165 4107 1341 4183; x_wconf 71' lang='lat' dir='ltr'><strong>anulorum,</strong></span> 
     </span>
    </p>
   </div>
   <div class='ocr_carea' id='block_1_8' title="bbox 385 4220 585 4242">
    <p class='ocr_par' dir='ltr' id='par_1_9' title="bbox 385 4220 585 4242">
     <span class='ocr_line' id='line_1_50' title="bbox 385 4220 585 4242; baseline 0.005 -1"><span class='ocrx_word' id='word_1_343' title='bbox 385 4220 585 4242; x_wconf 47' lang='grc' dir='ltr'><strong>*Ἣ</strong></span> 
     </span>
    </p>
   </div>
   <div class='ocr_carea' id='block_1_9' title="bbox 450 4275 1292 4356">
    <p class='ocr_par' dir='ltr' id='par_1_10' title="bbox 450 4275 1292 4356">
     <span class='ocr_line' id='line_1_51' title="bbox 450 4275 1292 4356; baseline 0.005 -19"><span class='ocrx_word' id='word_1_344' title='bbox 450 4275 482 4346; x_wconf 86' lang='lat' dir='ltr'><strong>l)</strong></span> <span class='ocrx_word' id='word_1_345' title='bbox 498 4276 600 4345; x_wconf 79' lang='lat' dir='ltr'><strong>sactus</strong></span> <span class='ocrx_word' id='word_1_346' title='bbox 619 4285 720 4343; x_wconf 79' lang='lat' dir='ltr'><strong>comui</strong></span> <span class='ocrx_word' id='word_1_347' title='bbox 736 4294 777 4347; x_wconf 79' lang='lat' dir='ltr'><strong>eet</strong></span> <span class='ocrx_word' id='word_1_348' title='bbox 796 4287 891 4345; x_wconf 72' lang='lat' dir='ltr'><strong>liade.</strong></span> <span class='ocrx_word' id='word_1_349' title='bbox 911 4315 943 4328; x_wconf 89' lang='lat'><strong>·-</strong></span> <span class='ocrx_word' id='word_1_350' title='bbox 962 4286 992 4356; x_wconf 81' lang='lat'><strong>2)</strong></span> <span class='ocrx_word' id='word_1_351' title='bbox 1012 4284 1179 4344; x_wconf 79' lang='lat' dir='ltr'><strong>indicatam</strong></span> <span class='ocrx_word' id='word_1_352' title='bbox 1195 4284 1292 4342; x_wconf 77' lang='lat' dir='ltr'><strong>Made.</strong></span> 
     </span>
    </p>
   </div>
   <div class='ocr_carea' id='block_1_10' title="bbox 0 0 1414 4725">
    <p class='ocr_par' dir='ltr' id='par_1_11' title="bbox 0 0 1414 4725">
     <span class='ocr_line' id='line_1_52' title="bbox 0 0 1414 4725; baseline 0 0"><span class='ocrx_word' id='word_1_353' title='bbox 0 0 1414 4725; x_wconf 95' lang='lat' dir='ltr'><strong> </strong></span> 
     </span>
    </p>
   </div>
  </div>
 </body>
</html>
