2817 4725
390 222 413 289 d
712 223 1028 293 LAELlUS

393 390 641 472 Scaevolae—,
663 390 704 473 si,
731 379 1005 477 quemadmodum
1032 388 1125 456 soles
1152 390 1195 456 de
1224 390 1348 459 caterio

393 476 513 554 rebus,
541 495 626 559 quae
654 494 696 540 ex
726 485 760 540 te
787 484 1005 559 quaerantur,
1043 474 1093 539 sic
1130 474 1173 539 de
1202 476 1348 539 amicitia

393 558 572 641 disputaris
615 559 670 622 uid
699 558 844 638 sentias,
879 556 1009 643 qualem
1038 557 1226 639 existimes,
1258 578 1347 643 quae

391 650 570 723 praecepta
593 581 664 705 les.
908 680 913 689 ·

476 722 682 792 Scnnvonn.
725 720 806 788 illibi
832 741 933 789 vero:
962 729 1061 808 atque
1084 720 1119 787 ld
1139 720 1247 806 ipsum
1269 744 1345 788 cum

392 814 501 869 tecum
531 824 634 890 agere
655 824 813 882 conarer,
842 804 984 870 Fannius
1005 808 1202 879 antevertit3
1228 824 1344 889 quam·

392 889 507 952 obrem
528 890 658 971 utrique
676 896 826 951 nostrum
847 898 976 971 gratam
997 887 1173 951 admodum
1189 884 1323 952 feceris.

267 970 311 1047 V,
333 969 373 1035 17
476 970 646 1040 1111111118.
696 970 769 1055 Ego
795 990 879 1035 uero
905 990 972 1033 non
1001 987 1184 1054 gravarer,
1213 971 1242 1034 si
1263 970 1344 1035 mibi

390 1053 465 1137 ipse
496 1052 716 1118 confiderem:
754 1072 830 1117 nam
863 1062 897 1116 et
925 1050 1103 1137 praeclara
1133 1070 1190 1116 res
1223 1062 1278 1117 est
1309 1065 1344 1118 et

390 1152 522 1214 sunaus,
552 1144 590 1199 ut
618 1136 700 1200 dixit
728 1134 892 1215 Fannius,
923 1135 1031 1200 otiosi.
1072 1134 1143 1201 Sed
1171 1136 1245 1220 quia
1275 1156 1342 1219 ego

391 1226 486 1283 sumi
507 1226 564 1282 aut
585 1238 670 1303 quae
692 1220 797 1284 estin
818 1236 872 1282 me
893 1216 1060 1283 facultas?
1086 1217 1264 1282 Doctorum
1286 1230 1341 1282 est

389 1302 454 1365 ista
475 1302 680 1365 consuetudo
702 1320 807 1386 eaque
827 1301 1049 1380 Graecorum,
1069 1309 1106 1364 ut
1125 1300 1166 1365 iis
1185 1310 1341 1383 ponatur,

390 1384 434 1447 de
455 1404 520 1469 quo
542 1384 710 1466 disputent
730 1382 880 1468 manvia
900 1385 1020 1449 subito.
1074 1382 1233 1468 Magnum
1254 1402 1341 1465 opus

390 1474 443 1530 est
464 1476 605 1553 egetque
626 1468 863 1531 exercitatione
881 1486 948 1529 non
968 1484 1083 1549 parva.
1114 1466 1341 1540 Quamobrem
1400 1499 1401 1526 2

390 1566 476 1633 qnae
497 1550 655 1633 disputari
677 1550 720 1614 de
741 1550 882 1613 amicitia
900 1560 1057 1633 possunt,
1078 1550 1122 1614 ab
1144 1550 1194 1613 eia
1214 1568 1340 1616 censeo

387 1634 521 1716 petatis,
543 1633 597 1715 qui
618 1632 681 1697 ista
701 1631 916 1715 profitentur5
946 1651 1011 1735 ego
1036 1650 1101 1697 vos
1120 1621 1247 1696 bertari
1267 1642 1340 1696 tan·

390 1726 459 1779 tum
479 1734 629 1803 possum,
648 1723 684 1780 ut
705 1716 878 1779 amicitiam
893 1718 1045 1779 omnibus
1064 1717 1166 1781 rebus
1185 1713 1340 1781 humanis
1400 1727 1401 1730 ’

389 1798 611 1882 anteponatis:
643 1795 724 1863 nibil
758 1807 811 1862 est
839 1798 925 1863 enim
947 1807 1020 1862 ¹taut
1046 1808 1185 1862 naturae
1212 1806 1340 1882 aptum,

389 1891 455 1944 tam
477 1882 679 1947 conveniens
700 1882 745 1946 ad
766 1900 821 1949 res
842 1879 898 1946 vel
912 1880 1079 1945 secundas
1093 1878 1149 1944 vel
1162 1880 1339 1947 adversas.

327 1962 368 2031 18
388 1965 457 2031 Sed
485 1963 550 2029 boo
575 1967 715 2050 primum
740 1966 868 2043 sentio,
893 1964 957 2029 nisi
985 1966 1019 2028 in
1046 1964 1144 2028 bonis
1163 1964 1339 2030 amicitiam

388 2066 552 2113 essenon
597 2068 693 2124 osse,
724 2068 769 2113 ne
793 2067 835 2113 oe
859 2048 893 2111 id
923 2047 965 2110 ad
995 2047 1107 2111 vivum
1134 2066 1271 2126 reseco,
1302 2058 1339 2111 ut

385 2128 454 2209 illi,
515 2132 546 2195 ui
573 2068 663 2197 {aaa
691 2068 843 2196 subtilius
865 2131 1048 2208 disserunt,
1077 2127 1223 2194 fortasse
1244 2149 1339 2209 vere,

386 2214 448 2278 sed
469 2150 513 2277 ad
534 2234 738 2279 communem
760 2212 930 2278 utilitatem
950 2224 1084 2297 parum‘t
1105 2222 1229 2299 negant
1250 2214 1339 2277 enim

386 2314 581 2382 quemqnam
593 2317 670 2361 esse
681 2298 786 2360 virum
796 2297 918 2361 bonunr
928 2298 992 2360 nisi
1002 2296 1194 2380 sapientem.
1227 2294 1339 2361 sitim

386 2399 480 2458 sane,
489 2381 548 2446 sed
558 2399 631 2446 earn
642 2381 836 2466 sapientiam
846 2381 1114 2462 interpretantur,
1123 2377 1338 2464 quamadbuc

384 2460 534 2528 mortalis
546 2485 644 2530 nemo
666 2475 719 2528 est
735 2472 952 2540 consecutus3
972 2481 1036 2528 nos
1056 2473 1167 2527 autem
1182 2481 1233 2539 en,
1250 2481 1339 2547 quae

386 2556 463 2614 sunt
476 2549 509 2613 in
522 2568 586 2612 usu
599 2549 731 2634 vitaque
745 2546 920 2624 communi,
928 2566 996 2610 non
1006 2564 1057 2622 ea,
1071 2565 1157 2632 quae
1169 2544 1338 2629 linguntur

384 2640 441 2693 aut
458 2640 624 2714 optantur,
644 2640 799 2716 spectare
817 2631 987 2694 debemus.
1026 2629 1199 2713 Nunquam
1211 2647 1276 2712 ego
1288 2629 1338 2693 di·

383 2713 701 2792 concanonicum,
710 2715 763 2779 Μ’.
772 2713 916 2791 Curium,
926 2713 976 2777 Ti.
986 2710 1239 2787 Coruncanium,
1251 2731 1337 2796 quoa

384 2797 554 2878 sapientes
581 2799 687 2862 nostri
715 2797 859 2861 maiores
885 2795 1093 2873 iudicabant,
1125 2795 1169 2860 ad
1195 2796 1337 2858 istorum

382 2895 532 2941 normam
552 2876 658 2943 fuisse
678 2880 857 2962 sapientes.
898 2878 1011 2951 Quare
1028 2880 1092 2943 albi
1112 2876 1258 2942 habeant
1278 2895 1336 2940 sa·

382 2961 526 3043 pientiae
546 2979 668 3026 nomon
689 2971 723 3025 et
742 2961 941 3025 inuidiosum
969 2971 1003 3025 et
1030 2961 1225 3036 obscurum3
1255 2979 1336 3024 con·

382 3043 514 3124 cedant,
544 3053 581 3108 ut
600 3041 634 3109 bi
654 3045 717 3109 viri
738 3045 815 3108 boni
836 3041 967 3111 fuerint.
1006 3043 1059 3108 Ne
1078 3044 1113 3108 id
1134 3044 1264 3130 quidem
1284 3040 1336 3106 sa-

382 3127 486 3192 cient:
523 3129 692 3212 negabunt
718 3127 752 3191 id
783 3129 846 3192 nisi
878 3127 1019 3210 sapienti
1050 3145 1154 3209 posse
1181 3127 1335 3191 concedi.

322 3207 531 3294 iungamus
551 3211 650 3296 igitur
669 3211 800 3295 pingui,
826 3219 863 3274 ut
882 3211 991 3289 aiunt,
1018 3207 1189 3273 Minerva:
1211 3209 1266 3295 qui
1286 3209 1336 3272 ita

382 3311 421 3357 se
448 3303 582 3376 gerunt,
613 3294 659 3358 lta
685 3295 819 3368 vivunt,
851 3303 887 3356 ut
915 3311 1028 3358 eorum
1054 3293 1214 3377 probetur
1234 3290 1333 3368 fides,

380 3377 571 3460 integritas,
593 3375 796 3464 aequalitas,
810 3376 835 3456 ¹)
855 3373 1057 3454 liberalitas,
1078 3395 1142 3441 nec
1162 3375 1260 3439 sitin
1280 3375 1333 3438 eia

379 3455 449 3522 ulla
470 3459 645 3544 cupiditas,
666 3458 781 3537 libido,
801 3459 951 3538 audacia,
971 3460 1103 3544 sintque
1120 3475 1241 3543 magara
1251 3476 1333 3521 con·

379 3541 516 3619 stantia,
545 3551 581 3605 ut
606 3543 628 3606 ii
648 3539 798 3619 fuerant,
826 3543 927 3607 modo
948 3559 1033 3625 quos
1054 3543 1237 3619 nominavi,
1267 3538 1334 3604 bos

378 3625 471 3688 uiros
492 3625 610 3704 bonae,
629 3635 666 3689 ut
685 3624 789 3690 babiti
809 3634 898 3705 sunt,
917 3625 968 3689 sio
989 3625 1087 3689 etiam
1109 3621 1334 3708 appellandos

379 3717 549 3790 putemus,
569 3709 644 3792 quia
664 3708 881 3809 sequantur2)
902 3717 1060 3793 quantum
1081 3705 1231 3770 homines
1251 3723 1330 3801 pos·

379 3798 456 3852 sunt
475 3800 626 3853 naturam
654 3802 811 3875 optimam
842 3793 928 3855 bena
948 3791 1083 3855 vivendi
1107 3791 1233 3856 ducem.
1273 3786 1335 3851 Sto

379 3873 463 3936 enim
485 3869 562 3936 milti
590 3875 783 3958 perspicere
803 3874 937 3952 videor,
964 3873 1012 3936 ita
1038 3882 1137 3937 natos
1157 3889 1235 3936 esse
1253 3887 1333 3945 nos,

378 3964 415 4017 nt
435 3955 520 4019 inter
541 3975 657 4020 onrnes
679 3969 771 4021 esset
791 3957 936 4021 societas
953 3956 1128 4040 quaedam,
1147 3956 1252 4020 maior
1272 3969 1332 4014 au·

378 4047 463 4116 tam,
489 4047 523 4102 ut
551 4039 688 4125 quisquo
709 4039 860 4124 proxime
879 4038 1073 4116 accederem
1104 4039 1215 4122 itaque
1235 4035 1332 4099 cirea

376 4121 524 4202 potiores
544 4141 641 4206 quatu
669 4121 851 4207 peregrini,
881 4121 1057 4206 propinqui
1086 4139 1183 4205 quant
1212 4111 1331 4184 alienia

444 4295 474 4367 l)
494 4301 628 4368 usmaitau
645 4298 740 4354 Madv.
759 4327 793 4340 -
810 4299 839 4368 1)
856 4305 1014 4368 aeqaaniar
1031 4297 1124 4354 Madv.
