2817 4725
248 211 316 282 DE
339 210 596 290 Atttctttn.
639 212 813 285 caatv.
997 218 1021 297 ὅ

107 380 117 447 1
139 378 279 447 mortuis
292 376 619 465 tmrdtrtosatma
632 380 827 460 tribuerunt,
847 380 937 466 qnod
951 400 1019 449 noa

80 467 223 531 ecisseut
242 460 416 547 prolecto,
441 464 471 530 si
491 462 571 531 nihil
593 466 636 530 ad
659 483 719 530 eos
739 466 905 549 pertinere
931 466 1018 531 arbi·

67 556 249 623 carentum
285 544 342 611 vel
370 563 502 625 eorum,
531 546 645 632 quiin
674 545 741 613 hac
768 542 1019 616 terminarunt

67 647 285 715 magnamque
305 628 499 707 Graeciam,
527 648 613 714 quae
639 648 727 695 nunc
753 630 887 714 quidem
906 627 1019 697 deleta

69 722 130 789 est,
148 721 227 779 arno
245 710 404 791 liciebat,
424 710 578 779 institutis
600 720 633 778 et
646 712 836 797 praeceptis
853 711 924 777 suis
944 732 1017 777 cro·

70 796 236 871 divetmntr
265 791 321 859 rel
344 794 436 869 eius,
463 796 517 878 qui
539 793 705 878 Apollinis
726 792 863 859 oraculo
884 794 1016 877 sapien·

70 878 212 941 tissimus
232 885 286 941 est
305 876 481 955 iudicatus,
502 878 556 962 qui
578 898 645 942 non
665 886 734 941 tum
748 875 813 941 lroc
835 888 904 941 tum
924 874 1019 957 illud,

70 968 106 1023 ut
124 960 159 1023 in
177 957 362 1059 plerisque,
392 958 454 1025 sed
476 960 562 1025 idem
583 979 738 1045 semper,
765 959 894 1025 animos
915 956 1018 1025 homi·

73 1061 154 1105 num
170 1058 246 1105 esse
265 1042 395 1107 divinos
416 1042 455 1107 iis
478 1062 531 1122 oe,
552 1063 625 1109 cum
640 1063 683 1107 ex
697 1062 839 1142 corpore
852 1044 1018 1108 excessis·

76 1132 167 1201 sent,
194 1123 328 1189 reditum
354 1124 389 1188 in
410 1062 539 1191 collum
559 1134 676 1209 patere
702 1135 891 1225 camoque
919 1135 953 1189 et
972 1126 1018 1189 iu·

74 1204 216 1273 stissimo
244 1208 361 1291 cuique
389 1208 679 1292 expeditissimum.
720 1144 820 1281 duod
839 1207 928 1272 idem
948 1208 1019 1274 Sci·
1043 1210 1082 1278 ll

71 1288 158 1371 pioni
191 1288 385 1371 videbatur,
420 1290 475 1376 qui
502 1290 650 1376 quidem,
677 1288 776 1375 quasi
801 1290 1020 1374 praesagiret,

152 1372 243 1439 aucis
272 1383 350 1437 ante
370 1383 509 1438 mortem
531 1374 663 1452 diebus,
693 1392 769 1439 cmo
797 1380 831 1437 et
851 1368 965 1437 Philus
985 1384 1021 1441 et

91 1452 222 1521 lanilius
236 1455 395 1521 adessent
409 1465 442 1521 et
455 1456 509 1523 alii
525 1454 651 1541 plures,
672 1465 771 1541 tuque
784 1456 895 1535 etiam,
916 1456 1019 1521 Scae-

71 1534 163 1615 vola,
197 1557 328 1603 mecmn
356 1538 530 1617 venisses,
559 1540 700 1605 tridrmm
727 1539 882 1604 disseruit
909 1537 953 1605 de
980 1560 1019 1607 re

71 1616 211 1719 publica,
232 1623 326 1687 cuitus
347 1621 578 1707 disputationis
598 1620 659 1687 suit
680 1632 863 1687 extremum
883 1617 956 1687 fere
976 1624 1021 1692 da

71 1700 311 1771 immortalitate
332 1706 526 1787 culmorum,
545 1724 631 1792 quac
651 1724 691 1771 se
712 1706 746 1768 in
782 1704 869 1769 uiete
889 1724 951 1787 per
973 1707 1020 1773 vi·

72 1805 139 1851 sum
164 1806 208 1851 ex
230 1783 391 1853 Africano
417 1790 552 1855 audisse
581 1789 723 1854 dicebat.
759 1725 800 1851 ld
826 1786 856 1850 si
881 1788 929 1852 ita
955 1799 1020 1869 est,

71 1878 104 1931 ut
122 1870 236 1953 optimi
257 1870 415 1955 coitusque
436 1874 565 1939 anirnus
585 1872 618 1937 in
640 1878 748 1937 morte
765 1868 920 1935 facillime
941 1890 1020 1937 evo·

71 1946 113 2015 let
140 1963 299 2038 tanquam
323 1974 344 2020 e
372 1956 524 2020 custodia
557 1953 742 2039 vinclisque
766 1952 935 2035 eorporis,
967 1956 1021 2020 cui

71 2054 243 2101 censemus
262 2056 396 2103 cursuum
418 2038 462 2103 ad
483 2038 567 2104 deos
588 2034 772 2119 faciliorem
793 2033 900 2102 fuisse
920 2056 1019 2120 qnam

72 2118 211 2202 Scipioni
219 2118 251 2183 i·
278 2119 443 2193 Quocirca
463 2140 614 2187 moerere
640 2118 708 2187 hoc
727 2119 799 2184 eius
819 2129 941 2185 eventu
961 2139 1018 2185 ve·

73 2220 145 2265 reor
164 2222 207 2266 ne
229 2202 331 2267 invidi
353 2204 458 2288 magis
486 2224 584 2289 qnam
612 2202 708 2269 amici
733 2203 787 2267 sit.
828 2202 887 2269 Sin
909 2212 1019 2269 autem

74 2280 128 2346 ilia
145 2286 291 2361 seriora,
312 2296 347 2349 ιιι
361 2287 448 2352 idem
470 2288 618 2353 interitus
638 2288 682 2351 sit
695 2284 878 2350 animorum
893 2295 926 2351 et
946 2306 1019 2353 cor·

74 2385 185 2448 pomm
204 2387 269 2436 nec
290 2367 377 2436 ullus
398 2390 519 2436 sensus
541 2379 688 2448 maneat,
708 2379 746 2434 ut
765 2365 846 2434 nihil
868 2369 944 2434 boni
966 2380 1020 2435 cst

72 2453 101 2514 ιἰι
122 2462 240 2531 morte,
260 2453 311 2518 sic
331 2464 424 2522 certe
438 2453 517 2518 nihil
538 2454 625 2520 rnalt.
660 2453 771 2520 Sensu
791 2452 877 2516 enim
897 2453 1021 2520 amisso

73 2531 104 2596 tit
123 2535 211 2600 idem
232 2536 327 2618 quasi
355 2546 453 2604 natus
474 2558 541 2604 non
562 2545 659 2618 esset
674 2537 826 2610 outuino,
854 2555 951 2619 quem
973 2545 1022 2600 ta

72 2635 147 2679 men
168 2636 242 2682 esse
263 2625 375 2682 natum
401 2629 435 2684 ct
455 2641 517 2686 nos
539 2621 722 2705 gaudemus
744 2615 882 2682 ethaeo
903 2617 1021 2682 civitas

71 2697 151 2762 dum
171 2701 230 2766 etit
247 2699 432 2766 laetabitur.
467 2703 690 2778 Quamobrem
709 2720 783 2766 οιιιιι
805 2697 861 2764 illo
877 2700 1019 2784 quidem,
1043 2702 1082 2768 15

70 2791 104 2844 ιιι
129 2799 226 2866 sopra
247 2785 325 2862 dixi,
346 2795 455 2851 actum
477 2789 599 2870 optimc
618 2795 682 2864 est,
703 2802 831 2848 mecum
846 2782 1023 2849 incommo-

72 2863 162 2944 dius,
189 2885 286 2952 quem
317 2865 427 2932 fuerat
452 2871 610 2953 aequius,
639 2878 675 2932 ιιι
701 2867 794 2950 prius
819 2865 1021 2946 introierant,

72 2947 120 3012 sic
139 2949 232 3032 prius
258 2949 350 3016 exire
371 2951 414 3016 de
440 2953 519 3018 vita.
560 2951 630 3020 Sed
655 2961 767 3014 tamen
788 2949 1021 3016 recordatione

71 3043 203 3096 nostrae
223 3034 384 3098 amicitiae
399 3035 448 3100 sic
461 3032 565 3114 fruor,
586 3044 623 3100 ut
644 3034 743 3099 beate
756 3032 880 3096 vixisse
895 3032 1021 3112 videar,

72 3114 144 3196 quta
163 3135 237 3181 cum
253 3115 409 3200 Scipione
426 3119 573 3196 vixerim,
616 3137 737 3182 uocum
756 3113 831 3178 milti
846 3115 1022 3181 coniuncta

72 3215 149 3261 cura
168 3199 212 3264 tle
233 3197 425 3282 publicare
447 3211 481 3266 et
502 3201 545 3266 de
567 3210 697 3284 pnvata
719 3195 798 3275 fuit,
825 3218 966 3282 quocum
987 3208 1022 3264 ct

74 3279 186 3344 domus
206 3277 268 3346 fuit
295 3291 329 3346 et
358 3282 471 3348 militia
498 3281 679 3348 communis
710 3291 745 3347 et
763 3281 799 3344 id
827 3282 947 3364 inquo
970 3293 1023 3347 est

72 3364 176 3426 omnis
195 3364 247 3428 vis
269 3363 447 3444 amicitiae,
469 3363 692 3442 voluntatum,
722 3364 926 3442 studiotum,
946 3383 1021 3429 sen»

73 3445 240 3512 tentiamm
261 3467 392 3512 sutnma
420 3447 607 3514 consensio.
649 3449 762 3533 ltaque
783 3467 849 3511 non
871 3456 937 3512 tam
959 3451 1023 3513 ista

72 3544 125 3592 me
143 3529 346 3612 sapientiae,
374 3551 472 3615 qoam
495 3532 592 3598 modo
614 3531 757 3596 Fannius
784 3549 1021 3596 commemora·

74 3611 134 3686 vit,
162 3609 252 3680 lama
274 3611 437 3694 delectat,
466 3611 555 3680 falsa
576 3613 792 3698 praesertim,
813 3632 911 3696 qnam
932 3613 1022 3697 quod

73 3695 229 3760 amicitiae
264 3706 402 3762 nostrae
430 3700 621 3762 memoriam
650 3716 750 3780 spero
788 3697 1021 3779 sempiternam

73 3771 160 3853 lore3
188 3779 287 3862 idque
317 3800 358 3844 eo
390 3779 466 3846 nrihi
494 3781 598 3866 magis
628 3790 680 3844 cst
712 3777 824 3858 cordi,
865 3778 953 3863 quod
979 3798 1021 3842 ex

73 3861 217 3927 ontuiltus
234 3861 381 3928 saeculis
404 3863 459 3927 vix
482 3865 545 3928 triu
562 3871 618 3928 aut
639 3869 793 3948 quattuor
814 3862 1021 3926 norninantur

74 3944 161 4021 paria
188 3946 390 4012 amicorumz
426 3967 491 4031 quo
521 3947 552 4010 in
581 3965 707 4030 genere
737 3964 876 4026 sperare
905 3943 1021 4008 videm·

75 4023 232 4109 Scipionis
247 4037 281 4094 ct
298 4025 401 4093 Laelii
415 4030 589 4096 attticitiatn
604 4038 715 4094 uolam
757 4027 916 4090 osteritati
937 4023 1019 4092 fote.

151 4110 323 4182 FANMUS.
373 4109 461 4177 lstuc
489 4111 639 4214 quidem,
669 4047 776 4184 Laeli,
807 4109 852 4173 ila
881 4128 1021 4176 necesse
1046 4112 1084 4177 lt·

77 4200 132 4254 est
172 4196 239 4260 Sed
272 4196 427 4279 quoniam
450 4197 610 4261 attttcitiac
641 4194 839 4258 mentionem
861 4189 967 4258 iecisti
989 4205 1023 4258 et

76 4289 177 4344 tumus
198 4280 309 4360 otiosi,
331 4289 523 4365 pergratum
537 4277 615 4345 mihi
637 4275 758 4344 iecoris
776 4295 922 4359 ——spero
944 4277 1022 4344 item
