2817 4725
372 180 413 248 lu
544 253 547 259 ,
595 249 599 263 ,
648 177 1002 262 ·11⁴,A·EL,¹·U.S
1069 207 1109 226 ’·
1147 204 1206 267 ’;

372 342 645 426 nisidatanabili
663 344 885 428 melarmuon
902 353 1033 445 nouat,
1053 344 1262 434 deindecun
1283 347 1328 412 ai·

373 421 461 494 milis
480 435 601 495 seusus
623 430 747 495 exstitit
768 430 908 505 amoris,
929 429 965 508 si
985 423 1128 513 utquam
1153 417 1243 495 nacti
1270 449 1328 509 pu·

374 530 466 587 mus,
484 512 587 612 ‘cutus
614 531 702 613 cum·
715 513 862 577 moribus
890 520 924 611 et
949 520 1069 575 natura
1093 524 1330 611 congruamus,

311 653 357 723 a
373 590 1184 822 arupraetermittebamus
1203 604 1328 742 aaut„
1403 677 1404 744 2

373 758 470 835 aarab
497 760 559 837 ius,
578 755 659 821 nihil
673 756 763 841 quod
782 759 890 841 magis
902 754 1028 833 alliciat
1046 751 1327 842 rduutgeudumz
1403 787 1404 840 3

373 841 496 925 quippe
517 860 591 906 cram
616 850 755 922 propter
775 843 926 921 virnrtan
946 849 981 905 et
1005 841 1203 923 probitatem
1219 840 1329 910 ⁴etium
1403 853 1404 918 t

372 940 450 1003 eos,
476 942 560 1007 quos
586 941 753 1006 nunquam
781 924 941 999 vidimus,
968 922 1112 1008 quodam
1131 924 1231 1004 modo
1252 922 1326 989 dili·

373 1025 500 1089 gaurus.
540 1004 625 1079 Quis
645 1014 716 1083 ast,
745 1005 800 1088 qul
821 1004 858 1070 C.
878 1006 1035 1088 Fabricii,
1060 1005 1115 1072 Μ’.
1137 1003 1226 1071 cun
1253 1026 1325 1070 uon
1403 1031 1404 1054 ἢ

373 1107 447 1153 cum
468 1088 604 1153 caritate
618 1082 729 1171 aliqua
749 1085 913 1153 benevola
926 1086 949 1164 Ι)
970 1088 1160 1171 montorium
1173 1106 1235 1154 usu
1249 1141 1253 1146 ,
1277 1098 1330 1167 et,

371 1190 456 1255 quos
481 1188 648 1253 nunquam
675 1168 815 1235 viderit?
843 1172 916 1254 quis
943 1179 997 1233 eat
1021 1179 1143 1245 artem,
1208 1171 1219 1233 i
1268 1190 1322 1235 ar-

370 1253 513 1337 quinium
534 1252 734 1335 Superbum,
775 1253 808 1317 ui
828 1254 887 1335 Sp.
902 1251 1064 1329 Cassium,
1084 1250 1144 1334 Sp.
1201 1248 1320 1317 aelium

369 1354 437 1401 non
465 1334 598 1401 odarit‘t
638 1332 720 1400 Cum
749 1274 880 1399 luobus
905 1334 1044 1399 ducibus
1064 1334 1108 1399 de
1127 1334 1262 1418 imperio
1284 1334 1320 1398 in

370 1414 464 1481 ltalia
485 1416 687 1481 decertatum
709 1427 772 1496 est,
793 1414 920 1501 Pyrrhi>
942 1426 976 1481 et
995 1413 1178 1481 Annicula:
1205 1418 1251 1481 ab
1271 1415 1322 1479 al·

369 1508 441 1563 tero
473 1508 610 1582 propter
639 1500 845 1581 probitatem·
864 1501 935 1564 eius
963 1518 1031 1563 nou
1048 1498 1162 1586 nimis
1188 1496 1322 1563 alienos
1403 1519 1404 1524 ¹

368 1578 679 1727 emimffshabemus,
697 1580 837 1682 altarum
846 1591 984 1665 propter
994 1578 1222 1649 crudelitatem
1230 1601 1321 1661 sern-

219 1723 347 1814 [Ul.
369 1684 430 1747 per
452 1664 984 1829 Qauessdcgivrglsssgdgpgapmbms
1005 1754 1075 1824 est,
1103 1756 1140 1811 ut
1166 1764 1242 1811 eam
1261 1746 1321 1812 vel

366 1830 491 1909 ineis,
519 1848 603 1915 quos
627 1848 793 1913 nunquam
813 1830 972 1907 vidimus,
998 1826 1071 1906 vel,
1097 1828 1185 1913 quod
1210 1833 1320 1895 matus

357 1923 433 1992 cst,
452 1913 484 1978 in
506 1910 604 1993 hoste
625 1913 723 1979 etiam
744 1910 935 1995 diligamus,
955 1910 1032 1995 quid
1053 1913 1166 1977 mirum
1189 1921 1258 1990 est,
1288 1914 1320 1979 si

365 1996 465 2061 aninri
485 1992 650 2059 hominum
664 2005 871 2074 moveantur,
890 2014 964 2059 cum
978 2013 1103 2070 eorum,
1145 1996 1322 2061 uibusoum

365 2097 428 2143 usu
448 2077 611 2143 coniuncti
632 2094 710 2141 esse
730 2087 887 2159 possunt,
910 2077 1061 2141 virtutem
1082 2084 1116 2141 et
1160 2074 1319 2142 unitatem

289 2224 298 2235 ,,
364 2160 556 2243 perspicere
567 2158 760 2224 videantur?
795 2145 989 2243 Quanquam
998 2156 1319 2235 confirmaturamor

365 2251 400 2306 et
421 2238 581 2306 beneficio
603 2250 745 2324 accepto
773 2252 807 2305 et
826 2240 937 2306 studio
965 2251 1145 2324 perspecto
1174 2251 1208 2305 et
1236 2263 1319 2307 ocu·

365 2324 538 2390 suetudine
558 2322 728 2388 adiuncta:
751 2325 870 2408 quibus
890 2322 1048 2390 rebusad
1069 2321 1157 2388 illum
1173 2322 1317 2408 primum

363 2417 486 2474 motum
508 2406 606 2473 animi
628 2417 661 2471 at
681 2409 805 2470 amoris
824 2405 978 2471 adhibitis
991 2405 1193 2472 admirabilis
1213 2427 1316 2491 quae·

259 2487 262 2495 ’
363 2489 440 2556 dum
462 2489 651 2556 exardescit
678 2488 931 2556 benevolentiae
956 2489 1157 2572 magnitudo.
1204 2492 1316 2563 Quam

362 2573 392 2638 si
413 2574 467 2656 qui
488 2581 603 2655 putant
622 2573 667 2636 ab
680 2571 904 2640 imbecillitate
922 2569 1100 2654 proficisci,
1119 2583 1155 2636 ut
1174 2574 1229 2650 sit,
1249 2593 1315 2654 per
1403 2572 1404 2625 ἰ

362 2675 460 2740 quern
481 2665 677 2740 assequatur
698 2656 787 2738 quod
808 2656 945 2740 quisque
958 2653 1136 2732 desideret,
1156 2650 1315 2721 humilem

361 2759 444 2802 sanc
464 2738 651 2823 relinquunt
671 2747 705 2808 et
725 2739 856 2801 nrinirue
869 2755 1067 2820 generosum
1088 2748 1125 2801 ut
1137 2737 1182 2800 itu
1203 2738 1316 2804 dicam
1403 2800 1404 2803 ,

362 2831 468 2894 ortum
490 2820 669 2896 amicitiae,
697 2838 793 2902 quam
815 2841 858 2882 ex
879 2819 990 2901 inopia
1009 2830 1110 2902 atque
1131 2817 1316 2904 indigentia

360 2911 474 2966 nutam
493 2900 618 2968 volunt.
659 2899 758 2974 Quod
788 2902 816 2963 si
837 2903 885 2964 ita
904 2912 1008 2976 met,
1035 2912 1072 2966 ut
1092 2901 1230 2985 quisque
1250 2905 1313 2968 uti·
1403 2936 1404 2981 3

361 2983 481 3051 nimum
502 2983 535 3046 in
561 3001 601 3046 se
630 3001 709 3046 esse
727 2983 962 3060 arbitraretur,
991 2985 1039 3048 ita
1065 2984 1110 3048 ad
1136 2986 1313 3052 amicitiam
1403 3040 1404 3053 ,

296 3055 341 3124 30
361 3077 453 3136 esset
472 3065 677 3148 aptissimum
705 3065 792 3148 qrtotl
813 3061 914 3148 longe
934 3084 1033 3134 secus
1054 3076 1115 3130 est.
1156 3066 1202 3130 Ut
1221 3060 1312 3133 euim
1403 3066 1404 3075 ’

358 3151 497 3234 quisque
511 3149 574 3212 sibi
587 3146 760 3230 plurimum
774 3146 910 3214 confidit
923 3159 956 3212 et
969 3159 1006 3213 ut
1018 3151 1157 3231 quisque
1167 3151 1312 3215 manime
1403 3182 1404 3185 ¹

358 3233 480 3296 virtute
498 3241 534 3294 et
554 3231 717 3312 sapientia
735 3232 787 3296 sic
806 3233 948 3296 munitus
962 3241 1026 3310 est,
1045 3243 1082 3294 ut
1101 3228 1193 3296 utillo
1208 3244 1312 3315 egeat
1403 3266 1404 3297 r

358 3333 484 3396 suraque
506 3315 614 3380 onmia
630 3313 662 3376 in
684 3333 723 3376 se
743 3314 818 3396 ipso
839 3315 948 3396 posita
968 3312 1101 3392 iudicet,
1121 3314 1167 3377 ita
1181 3313 1214 3378 in
1228 3317 1311 3379 ami·
1403 3326 1404 3331 ’

356 3396 441 3463 ciliis
455 3397 650 3480 expetendis
665 3394 878 3479 colendisque
893 3399 1033 3462 uraxime
1047 3393 1189 3465 excellit.
1219 3397 1310 3470 Quid
1403 3470 1404 3483 ,

357 3479 466 3544 enim?
499 3477 678 3544 Africanus
706 3479 860 3561 indigens
887 3478 974 3544 mei?
1014 3480 1149 3546 ltlinima
1169 3476 1309 3546 hercle!
1403 3510 1404 3515 ¹

356 3561 409 3628 Aa
436 3581 480 3626 uc
516 3581 579 3642 ago
608 3559 739 3643 quidem
768 3559 876 3636 illius3
904 3561 966 3626 sed
993 3581 1058 3645 ego
1086 3561 1308 3628 admiratione

355 3644 499 3729 quadam
513 3647 641 3708 virtutis
655 3645 737 3722 eius,
758 3641 814 3707 illa
828 3645 973 3708 vicissim
992 3645 1146 3728 opinione
1159 3640 1309 3710 sortasse

354 3723 525 3804 nonnulla,
553 3746 650 3810 quam
671 3727 714 3790 de
736 3728 819 3790 nreis
839 3728 985 3792 moribus
1005 3726 1161 3803 habebat,
1181 3747 1235 3792 nra
1256 3728 1305 3792 di·

353 3807 454 3887 laxit3
476 3810 566 3872 anxit
579 3807 851 3888 ⁸benevolentiam
865 3809 1080 3875 consuetudo.
1110 3809 1180 3875 Sed
1202 3828 1306 3894 quan·

353 3912 452 3975 qiuam
472 3890 628 3958 utilitates
650 3890 771 3956 multae
786 3902 819 3956 et
840 3911 981 3974 nraguac
994 3902 1194 3959 consecutae
1213 3903 1305 3969 surrt,

352 3995 419 4040 nou
440 3986 518 4038 suut
543 3985 653 4038 tamen
681 3976 724 4040 ab
747 3994 860 4039 aarum
888 3993 951 4056 spe
977 3994 1118 4043 caussam
1144 3973 1304 4058 diligendi

289 4061 328 4126 31
352 4054 533 4139 profectae.
574 4057 620 4120 Ut
648 4057 734 4121 euim
764 4053 903 4121 benefici
929 4055 1150 4141 liberalesque
1176 4077 1302 4135 sarnus,

350 4177 548 4192 m-

417 4229 446 4300 l)
465 4229 678 4290 beneolentiae
695 4231 791 4289 nour.
